<?xml version="1.0" encoding="UTF-8"?>
<!DOCTYPE html PUBLIC "-//W3C//DTD XHTML 1.0 Transitional//EN"
    "http://www.w3.org/TR/xhtml1/DTD/xhtml1-transitional.dtd">
<html xmlns="http://www.w3.org/1999/xhtml" xml:lang="en" lang="en">
 <head>
  <title>
</title>
<meta http-equiv="Content-Type" content="text/html;charset=utf-8" />
  <meta name='ocr-system' content='tesseract 3.04.00' />
  <meta name='ocr-capabilities' content='ocr_page ocr_carea ocr_par ocr_line ocrx_word'/>
</head>
<body>
  <div class='ocr_page' id='page_1' title='image "./djuniijuvenalis06persgoog_0209.png"; bbox 0 0 2975 4800; ppageno 0'>
   <div class='ocr_carea' id='block_1_1' title="bbox 1164 319 2533 390">
    <p class='ocr_par' dir='ltr' id='par_1_1' title="bbox 1164 319 2533 390">
     <span class='ocr_line' id='line_1_1' title="bbox 1164 319 2533 390; baseline 0.007 -12"><span class='ocrx_word' id='word_1_1' title='bbox 1164 328 1268 380; x_wconf 69' lang='lat' dir='ltr'><strong>Ao</strong></span> <span class='ocrx_word' id='word_1_2' title='bbox 1311 329 1476 382; x_wconf 70' lang='lat' dir='ltr'><strong>su.</strong></span> <span class='ocrx_word' id='word_1_3' title='bbox 1522 324 1651 390; x_wconf 63' lang='lat' dir='ltr'><strong>xv.</strong></span> <span class='ocrx_word' id='word_1_4' title='bbox 2398 319 2533 388; x_wconf 74' lang='lat'><strong>749</strong></span> 
     </span>
    </p>
   </div>
   <div class='ocr_carea' id='block_1_2' title="bbox 205 489 2573 2930">
    <p class='ocr_par' dir='ltr' id='par_1_2' title="bbox 205 489 2573 2930">
     <span class='ocr_line' id='line_1_2' title="bbox 205 489 2525 572; baseline 0.003 -12"><span class='ocrx_word' id='word_1_5' title='bbox 205 489 478 564; x_wconf 67' lang='lat' dir='ltr'><strong>fficio</strong></span> <span class='ocrx_word' id='word_1_6' title='bbox 517 497 696 564; x_wconf 73' lang='lat' dir='ltr'><strong>talin</strong></span> <span class='ocrx_word' id='word_1_7' title='bbox 729 496 794 560; x_wconf 83' lang='lat' dir='ltr'><strong>si</strong></span> <span class='ocrx_word' id='word_1_8' title='bbox 843 500 910 560; x_wconf 81' lang='lat' dir='ltr'><strong>et</strong></span> <span class='ocrx_word' id='word_1_9' title='bbox 953 493 1369 572; x_wconf 75' lang='lat' dir='ltr'><strong>excusanda,</strong></span> <span class='ocrx_word' id='word_1_10' title='bbox 1399 499 1623 560; x_wconf 77' lang='lat' dir='ltr'><strong>tamen</strong></span> <span class='ocrx_word' id='word_1_11' title='bbox 1646 513 1783 562; x_wconf 88' lang='lat' dir='ltr'><strong>non</strong></span> <span class='ocrx_word' id='word_1_12' title='bbox 1812 495 1957 562; x_wconf 81' lang='lat' dir='ltr'><strong>sino</strong></span> <span class='ocrx_word' id='word_1_13' title='bbox 1978 499 2375 565; x_wconf 68' lang='lat' dir='ltr'><strong>necessitate</strong></span> <span class='ocrx_word' id='word_1_14' title='bbox 2400 489 2525 566; x_wconf 80' lang='lat' dir='ltr'><strong>ob-</strong></span> 
     </span>
     <span class='ocr_line' id='line_1_3' title="bbox 211 597 2525 681; baseline 0.003 -20"><span class='ocrx_word' id='word_1_15' title='bbox 211 601 634 666; x_wconf 74' lang='lat' dir='ltr'><strong>tradenda</strong></span> <span class='ocrx_word' id='word_1_16' title='bbox 683 604 842 662; x_wconf 85' lang='lat' dir='ltr'><strong>sunt</strong></span> <span class='ocrx_word' id='word_1_17' title='bbox 885 597 1134 681; x_wconf 67' lang='lat' dir='ltr'><strong>poetae,</strong></span> <span class='ocrx_word' id='word_1_18' title='bbox 1191 603 1281 673; x_wconf 84' lang='lat' dir='ltr'><strong>et,</strong></span> <span class='ocrx_word' id='word_1_19' title='bbox 1331 599 1641 680; x_wconf 79' lang='lat' dir='ltr'><strong>quamvis</strong></span> <span class='ocrx_word' id='word_1_20' title='bbox 1688 599 1807 663; x_wconf 78' lang='lat' dir='ltr'><strong>illa</strong></span> <span class='ocrx_word' id='word_1_21' title='bbox 1848 600 2219 664; x_wconf 74' lang='lat' dir='ltr'><strong>emendatio</strong></span> <span class='ocrx_word' id='word_1_22' title='bbox 2256 600 2525 670; x_wconf 74' lang='lat' dir='ltr'><strong>Heinsii</strong></span> 
     </span>
     <span class='ocr_line' id='line_1_4' title="bbox 223 699 2573 788; baseline 0.003 -24"><span class='ocrx_word' id='word_1_23' title='bbox 223 702 600 766; x_wconf 75' lang='lat' dir='ltr'>arridere</span> <span class='ocrx_word' id='word_1_24' title='bbox 625 701 872 784; x_wconf 84' lang='lat' dir='ltr'><strong>possit,</strong></span> <span class='ocrx_word' id='word_1_25' title='bbox 899 705 976 765; x_wconf 86' lang='lat' dir='ltr'><strong>nt</strong></span> <span class='ocrx_word' id='word_1_26' title='bbox 1001 699 1048 764; x_wconf 86' lang='lat' dir='ltr'><strong>J</strong></span> <span class='ocrx_word' id='word_1_27' title='bbox 1053 699 1350 763; x_wconf 79' lang='lat' dir='ltr'><strong>nvenalis</strong></span> <span class='ocrx_word' id='word_1_28' title='bbox 1383 699 1684 782; x_wconf 80' lang='lat' dir='ltr'><strong>junxerit</strong></span> <span class='ocrx_word' id='word_1_29' title='bbox 1708 699 1843 764; x_wconf 85' lang='lat' dir='ltr'><strong>duo</strong></span> <span class='ocrx_word' id='word_1_30' title='bbox 1884 703 2087 766; x_wconf 75' lang='lat' dir='ltr'><strong>verba</strong></span> <span class='ocrx_word' id='word_1_31' title='bbox 2114 703 2285 784; x_wconf 82' lang='lat' dir='ltr'><strong>sing.</strong></span> <span class='ocrx_word' id='word_1_32' title='bbox 2318 723 2525 788; x_wconf 62' lang='lat' dir='ltr'><strong>num„</strong></span> <span class='ocrx_word' id='word_1_33' title='bbox 2567 731 2573 738; x_wconf 92' lang='lat'><strong>·</strong></span> 
     </span>
     <span class='ocr_line' id='line_1_5' title="bbox 229 799 2527 896; baseline 0.004 -33"><span class='ocrx_word' id='word_1_34' title='bbox 229 801 638 866; x_wconf 66' lang='lat' dir='ltr'><strong>ceruleum</strong></span> <span class='ocrx_word' id='word_1_35' title='bbox 685 823 783 867; x_wconf 86' lang='lat' dir='ltr'><strong>sc.</strong></span> <span class='ocrx_word' id='word_1_36' title='bbox 826 804 1109 886; x_wconf 77' lang='lat' dir='ltr'><strong>piscem,</strong></span> <span class='ocrx_word' id='word_1_37' title='bbox 1158 807 1225 865; x_wconf 85' lang='lat' dir='ltr'><strong>et</strong></span> <span class='ocrx_word' id='word_1_38' title='bbox 1261 801 1490 885; x_wconf 70' lang='lat' dir='ltr'><strong>piscem</strong></span> <span class='ocrx_word' id='word_1_39' title='bbox 1515 799 1833 896; x_wconf 52' lang='lat' dir='ltr'><strong>fluminis,</strong></span> <span class='ocrx_word' id='word_1_40' title='bbox 1882 805 2117 869; x_wconf 81' lang='lat' dir='ltr'><strong>leviori</strong></span> <span class='ocrx_word' id='word_1_41' title='bbox 2162 805 2527 872; x_wconf 69' lang='lat' dir='ltr'><strong>mutatione</strong></span> 
     </span>
     <span class='ocr_line' id='line_1_6' title="bbox 239 904 2523 992; baseline 0.002 -22"><span class='ocrx_word' id='word_1_42' title='bbox 239 905 508 970; x_wconf 76' lang='lat' dir='ltr'><strong>nitori</strong></span> <span class='ocrx_word' id='word_1_43' title='bbox 539 905 858 970; x_wconf 81' lang='lat' dir='ltr'><strong>carminis</strong></span> <span class='ocrx_word' id='word_1_44' title='bbox 882 905 980 982; x_wconf 68' lang='lat' dir='ltr'><strong>(si</strong></span> <span class='ocrx_word' id='word_1_45' title='bbox 1025 907 1194 968; x_wconf 86' lang='lat' dir='ltr'><strong>nitor</strong></span> <span class='ocrx_word' id='word_1_46' title='bbox 1219 911 1344 982; x_wconf 85' lang='lat' dir='ltr'><strong>est,</strong></span> <span class='ocrx_word' id='word_1_47' title='bbox 1389 923 1511 968; x_wconf 86' lang='lat' dir='ltr'><strong>nec</strong></span> <span class='ocrx_word' id='word_1_48' title='bbox 1556 908 1785 988; x_wconf 83' lang='lat' dir='ltr'><strong>potius</strong></span> <span class='ocrx_word' id='word_1_49' title='bbox 1830 913 2059 972; x_wconf 77' lang='lat' dir='ltr'><strong>nostra</strong></span> <span class='ocrx_word' id='word_1_50' title='bbox 2102 904 2321 984; x_wconf 66' lang='lat' dir='ltr'><strong>lectio,</strong></span> <span class='ocrx_word' id='word_1_51' title='bbox 2366 927 2523 992; x_wconf 75' lang='lat' dir='ltr'><strong>quae</strong></span> 
     </span>
     <span class='ocr_line' id='line_1_7' title="bbox 249 1003 2525 1092; baseline 0.002 -24"><span class='ocrx_word' id='word_1_52' title='bbox 249 1004 572 1071; x_wconf 74' lang='lat' dir='ltr'><strong>doctior</strong></span> <span class='ocrx_word' id='word_1_53' title='bbox 599 1015 726 1082; x_wconf 86' lang='lat' dir='ltr'><strong>est,</strong></span> <span class='ocrx_word' id='word_1_54' title='bbox 755 1007 968 1087; x_wconf 78' lang='lat' dir='ltr'><strong>magis</strong></span> <span class='ocrx_word' id='word_1_55' title='bbox 1003 1005 1229 1088; x_wconf 83' lang='lat' dir='ltr'><strong>placet</strong></span> <span class='ocrx_word' id='word_1_56' title='bbox 1255 1003 1515 1089; x_wconf 85' lang='lat' dir='ltr'><strong>multis)</strong></span> <span class='ocrx_word' id='word_1_57' title='bbox 1540 1009 1795 1072; x_wconf 87' lang='lat' dir='ltr'><strong>consuli</strong></span> <span class='ocrx_word' id='word_1_58' title='bbox 1828 1010 2097 1090; x_wconf 84' lang='lat' dir='ltr'><strong>poterit,</strong></span> <span class='ocrx_word' id='word_1_59' title='bbox 2120 1007 2181 1072; x_wconf 84' lang='lat' dir='ltr'><strong>si</strong></span> <span class='ocrx_word' id='word_1_60' title='bbox 2208 1027 2525 1092; x_wconf 84' lang='lat' dir='ltr'><strong>reposue-</strong></span> 
     </span>
     <span class='ocr_line' id='line_1_8' title="bbox 251 1104 2522 1196; baseline 0.002 -25"><span class='ocrx_word' id='word_1_61' title='bbox 251 1108 432 1172; x_wconf 74' lang='lat' dir='ltr'><strong>ris:</strong></span> <span class='ocrx_word' id='word_1_62' title='bbox 483 1105 640 1170; x_wconf 79' lang='lat' dir='ltr'><strong>Illic</strong></span> <span class='ocrx_word' id='word_1_63' title='bbox 689 1105 996 1185; x_wconf 79' lang='lat' dir='ltr'><strong>coeruleos,</strong></span> <span class='ocrx_word' id='word_1_64' title='bbox 1047 1104 1146 1170; x_wconf 68' lang='lat' dir='ltr'><strong>laic</strong></span> <span class='ocrx_word' id='word_1_65' title='bbox 1194 1106 1380 1191; x_wconf 77' lang='lat' dir='ltr'><strong><em>pisces</em></strong></span> <span class='ocrx_word' id='word_1_66' title='bbox 1405 1107 1723 1190; x_wconf 75' lang='lat' dir='ltr'><strong>fluminis.</strong></span> <span class='ocrx_word' id='word_1_67' title='bbox 1806 1110 1917 1176; x_wconf 78' lang='lat' dir='ltr'><strong>Ita</strong></span> <span class='ocrx_word' id='word_1_68' title='bbox 1958 1111 2087 1176; x_wconf 82' lang='lat' dir='ltr'><strong>sibi</strong></span> <span class='ocrx_word' id='word_1_69' title='bbox 2120 1109 2522 1196; x_wconf 74' lang='lat' dir='ltr'><strong>respondent</strong></span> 
     </span>
     <span class='ocr_line' id='line_1_9' title="bbox 265 1205 2521 1297; baseline 0.003 -27"><span class='ocrx_word' id='word_1_70' title='bbox 265 1207 502 1291; x_wconf 72' lang='lat' dir='ltr'><strong>pisces</strong></span> <span class='ocrx_word' id='word_1_71' title='bbox 533 1205 805 1286; x_wconf 68' lang='grc' dir='ltr'><strong>σαι-αἰεὶ,</strong></span> <span class='ocrx_word' id='word_1_72' title='bbox 831 1209 896 1272; x_wconf 87' lang='lat' dir='ltr'><strong>h.</strong></span> <span class='ocrx_word' id='word_1_73' title='bbox 927 1229 984 1272; x_wconf 91' lang='lat' dir='ltr'><strong>e.</strong></span> <span class='ocrx_word' id='word_1_74' title='bbox 1013 1210 1216 1272; x_wconf 84' lang='lat' dir='ltr'><strong>maris</strong></span> <span class='ocrx_word' id='word_1_75' title='bbox 1248 1209 1545 1287; x_wconf 84' lang='lat' dir='ltr'><strong>coerulei,</strong></span> <span class='ocrx_word' id='word_1_76' title='bbox 1576 1231 1633 1274; x_wconf 80' lang='lat' dir='ltr'><strong>s,</strong></span> <span class='ocrx_word' id='word_1_77' title='bbox 1662 1212 1924 1290; x_wconf 76' lang='lat' dir='ltr'><strong>marini,</strong></span> <span class='ocrx_word' id='word_1_78' title='bbox 1952 1233 2036 1277; x_wconf 85' lang='lat' dir='ltr'><strong>ac</strong></span> <span class='ocrx_word' id='word_1_79' title='bbox 2074 1211 2271 1294; x_wconf 75' lang='lat' dir='ltr'><strong>pisces</strong></span> <span class='ocrx_word' id='word_1_80' title='bbox 2293 1211 2521 1297; x_wconf 82' lang='lat' dir='ltr'><strong>flumi-</strong></span> 
     </span>
     <span class='ocr_line' id='line_1_10' title="bbox 281 1310 2523 1393; baseline 0.003 -18"><span class='ocrx_word' id='word_1_81' title='bbox 281 1310 447 1375; x_wconf 72' lang='lat' dir='ltr'><strong>nis:</strong></span> <span class='ocrx_word' id='word_1_82' title='bbox 495 1319 566 1378; x_wconf 90' lang='lat' dir='ltr'><strong>et</strong></span> <span class='ocrx_word' id='word_1_83' title='bbox 615 1332 788 1376; x_wconf 88' lang='lat' dir='ltr'><strong>nunc</strong></span> <span class='ocrx_word' id='word_1_84' title='bbox 831 1312 1054 1389; x_wconf 83' lang='lat' dir='ltr'><strong>video,</strong></span> <span class='ocrx_word' id='word_1_85' title='bbox 1095 1311 1190 1376; x_wconf 76' lang='lat' dir='ltr'><strong>ita</strong></span> <span class='ocrx_word' id='word_1_86' title='bbox 1239 1311 1370 1393; x_wconf 82' lang='lat' dir='ltr'><strong>legi</strong></span> <span class='ocrx_word' id='word_1_87' title='bbox 1417 1313 1488 1376; x_wconf 89' lang='lat' dir='ltr'><strong>in</strong></span> <span class='ocrx_word' id='word_1_88' title='bbox 1540 1311 2092 1378; x_wconf 75' lang='lat' dir='ltr'><strong>cod.15.--Illic</strong></span> <span class='ocrx_word' id='word_1_89' title='bbox 2138 1313 2355 1379; x_wconf 66' lang='grc' dir='ltr'><strong>αἶαν-οι</strong></span> <span class='ocrx_word' id='word_1_90' title='bbox 2392 1335 2523 1381; x_wconf 85' lang='lat' dir='ltr'><strong>non</strong></span> 
     </span>
     <span class='ocr_line' id='line_1_11' title="bbox 288 1413 2523 1498; baseline 0.003 -22"><span class='ocrx_word' id='word_1_91' title='bbox 288 1415 482 1478; x_wconf 77' lang='lat' dir='ltr'><strong>male</strong></span> <span class='ocrx_word' id='word_1_92' title='bbox 531 1417 767 1496; x_wconf 83' lang='lat' dir='ltr'><strong>corrig.</strong></span> <span class='ocrx_word' id='word_1_93' title='bbox 819 1413 1146 1478; x_wconf 84' lang='lat' dir='ltr'><strong>Brodaeus</strong></span> <span class='ocrx_word' id='word_1_94' title='bbox 1201 1413 1486 1478; x_wconf 82' lang='lat' dir='ltr'><strong>Miscell.</strong></span> <span class='ocrx_word' id='word_1_95' title='bbox 1551 1430 1683 1478; x_wconf 84' lang='lat' dir='ltr'><strong>vn.</strong></span> <span class='ocrx_word' id='word_1_96' title='bbox 1739 1417 1807 1478; x_wconf 80' lang='lat'><strong>2.</strong></span> <span class='ocrx_word' id='word_1_97' title='bbox 1854 1417 2089 1498; x_wconf 83' lang='lat' dir='ltr'><strong>probb.</strong></span> <span class='ocrx_word' id='word_1_98' title='bbox 2144 1415 2523 1495; x_wconf 70' lang='lat' dir='ltr'><strong>Lindenbr„</strong></span> 
     </span>
     <span class='ocr_line' id='line_1_12' title="bbox 295 1511 2525 1602; baseline 0.001 -21"><span class='ocrx_word' id='word_1_99' title='bbox 295 1515 566 1592; x_wconf 80' lang='lat' dir='ltr'><strong>Nonio,</strong></span> <span class='ocrx_word' id='word_1_100' title='bbox 598 1516 711 1592; x_wconf 84' lang='lat' dir='ltr'><strong>(de</strong></span> <span class='ocrx_word' id='word_1_101' title='bbox 737 1535 860 1578; x_wconf 86' lang='lat' dir='ltr'><strong>esu</strong></span> <span class='ocrx_word' id='word_1_102' title='bbox 889 1515 1186 1598; x_wconf 82' lang='lat' dir='ltr'><strong>piscium</strong></span> <span class='ocrx_word' id='word_1_103' title='bbox 1213 1535 1275 1578; x_wconf 90' lang='lat' dir='ltr'><strong>c.</strong></span> <span class='ocrx_word' id='word_1_104' title='bbox 1303 1511 1410 1597; x_wconf 78' lang='lat'><strong>2.)</strong></span> <span class='ocrx_word' id='word_1_105' title='bbox 1459 1513 1781 1580; x_wconf 79' lang='lat' dir='ltr'><strong>Schurzfl.</strong></span> <span class='ocrx_word' id='word_1_106' title='bbox 1808 1523 1899 1581; x_wconf 88' lang='lat' dir='ltr'><strong>et</strong></span> <span class='ocrx_word' id='word_1_107' title='bbox 1941 1515 2322 1596; x_wconf 76' lang='lat' dir='ltr'><strong>Plathnero‚</strong></span> <span class='ocrx_word' id='word_1_108' title='bbox 2360 1539 2525 1602; x_wconf 88' lang='lat' dir='ltr'><strong>quo-</strong></span> 
     </span>
     <span class='ocr_line' id='line_1_13' title="bbox 303 1617 2523 1704; baseline 0.001 -22"><span class='ocrx_word' id='word_1_109' title='bbox 303 1617 492 1682; x_wconf 75' lang='lat' dir='ltr'><strong>niam</strong></span> <span class='ocrx_word' id='word_1_110' title='bbox 517 1637 654 1681; x_wconf 89' lang='lat' dir='ltr'><strong>non</strong></span> <span class='ocrx_word' id='word_1_111' title='bbox 681 1621 848 1682; x_wconf 84' lang='lat' dir='ltr'><strong>satis</strong></span> <span class='ocrx_word' id='word_1_112' title='bbox 877 1623 1155 1694; x_wconf 72' lang='lat' dir='ltr'><strong>constet,</strong></span> <span class='ocrx_word' id='word_1_113' title='bbox 1185 1619 1480 1682; x_wconf 82' lang='lat' dir='ltr'><strong>marinos</strong></span> <span class='ocrx_word' id='word_1_114' title='bbox 1526 1617 1751 1700; x_wconf 80' lang='lat' dir='ltr'><strong>pisces</strong></span> <span class='ocrx_word' id='word_1_115' title='bbox 1797 1617 1883 1682; x_wconf 81' lang='lat' dir='ltr'><strong>ab</strong></span> <span class='ocrx_word' id='word_1_116' title='bbox 1924 1618 2266 1704; x_wconf 76' lang='lat' dir='ltr'><strong>AEgyptiis</strong></span> <span class='ocrx_word' id='word_1_117' title='bbox 2306 1621 2523 1686; x_wconf 88' lang='lat' dir='ltr'><strong>cultos</strong></span> 
     </span>
     <span class='ocr_line' id='line_1_14' title="bbox 301 1719 2525 1804; baseline 0.001 -20"><span class='ocrx_word' id='word_1_118' title='bbox 301 1719 540 1798; x_wconf 79' lang='lat' dir='ltr'><strong>fuisse,</strong></span> <span class='ocrx_word' id='word_1_119' title='bbox 568 1727 638 1785; x_wconf 89' lang='lat' dir='ltr'><strong>et</strong></span> <span class='ocrx_word' id='word_1_120' title='bbox 663 1741 752 1786; x_wconf 85' lang='lat' dir='ltr'><strong>ex</strong></span> <span class='ocrx_word' id='word_1_121' title='bbox 781 1721 1076 1804; x_wconf 86' lang='lat' dir='ltr'><strong>ipsorum</strong></span> <span class='ocrx_word' id='word_1_122' title='bbox 1105 1723 1328 1804; x_wconf 84' lang='lat' dir='ltr'><strong>potius</strong></span> <span class='ocrx_word' id='word_1_123' title='bbox 1373 1719 1687 1802; x_wconf 85' lang='lat' dir='ltr'><strong>religione</strong></span> <span class='ocrx_word' id='word_1_124' title='bbox 1732 1719 1905 1784; x_wconf 85' lang='lat' dir='ltr'><strong>Jove</strong></span> <span class='ocrx_word' id='word_1_125' title='bbox 1944 1721 2107 1786; x_wconf 86' lang='lat' dir='ltr'><strong>nihil</strong></span> <span class='ocrx_word' id='word_1_126' title='bbox 2154 1721 2474 1802; x_wconf 84' lang='lat' dir='ltr'><strong>dignum</strong></span> <span class='ocrx_word' id='word_1_127' title='bbox 2452 1741 2525 1787; x_wconf 86' lang='grc' dir='ltr'><strong>ιιι</strong></span> 
     </span>
     <span class='ocr_line' id='line_1_15' title="bbox 303 1821 2515 1908; baseline 0.001 -22"><span class='ocrx_word' id='word_1_128' title='bbox 303 1824 476 1886; x_wconf 76' lang='lat' dir='ltr'><strong>masi</strong></span> <span class='ocrx_word' id='word_1_129' title='bbox 499 1825 680 1906; x_wconf 82' lang='lat' dir='ltr'><strong>gigni</strong></span> <span class='ocrx_word' id='word_1_130' title='bbox 703 1841 912 1908; x_wconf 86' lang='lat' dir='ltr'><strong>posse</strong></span> <span class='ocrx_word' id='word_1_131' title='bbox 941 1822 1244 1896; x_wconf 77' lang='lat' dir='ltr'><strong>docuetit</strong></span> <span class='ocrx_word' id='word_1_132' title='bbox 1266 1821 1488 1899; x_wconf 78' lang='lat' dir='ltr'><strong>Plato,</strong></span> <span class='ocrx_word' id='word_1_133' title='bbox 1508 1828 1575 1886; x_wconf 85' lang='lat' dir='ltr'><strong>et</strong></span> <span class='ocrx_word' id='word_1_134' title='bbox 1602 1843 1693 1886; x_wconf 81' lang='lat' dir='ltr'><strong>ex</strong></span> <span class='ocrx_word' id='word_1_135' title='bbox 1718 1842 1801 1886; x_wconf 89' lang='lat' dir='ltr'><strong>eo</strong></span> <span class='ocrx_word' id='word_1_136' title='bbox 1828 1821 2089 1887; x_wconf 83' lang='lat' dir='ltr'><strong>Pierius</strong></span> <span class='ocrx_word' id='word_1_137' title='bbox 2109 1824 2515 1908; x_wconf 79' lang='lat' dir='ltr'><strong>hieroglyph.</strong></span> 
     </span>
     <span class='ocr_line' id='line_1_16' title="bbox 305 1921 2520 2012; baseline 0 -20"><span class='ocrx_word' id='word_1_138' title='bbox 305 1926 350 1992; x_wconf 87' lang='lat'><strong>1.</strong></span> <span class='ocrx_word' id='word_1_139' title='bbox 383 1941 622 1989; x_wconf 75' lang='lat' dir='ltr'><strong>xxxi.</strong></span> <span class='ocrx_word' id='word_1_140' title='bbox 653 1945 754 2008; x_wconf 83' lang='lat' dir='ltr'><strong>pr.</strong></span> <span class='ocrx_word' id='word_1_141' title='bbox 817 1922 984 1986; x_wconf 76' lang='lat' dir='ltr'><strong>Petis</strong></span> <span class='ocrx_word' id='word_1_142' title='bbox 1027 1930 1278 2001; x_wconf 80' lang='lat' dir='ltr'><strong>contra,</strong></span> <span class='ocrx_word' id='word_1_143' title='bbox 1325 1943 1480 2007; x_wconf 80' lang='lat' dir='ltr'><strong>qnae</strong></span> <span class='ocrx_word' id='word_1_144' title='bbox 1519 1923 1785 1990; x_wconf 65' lang='lat' dir='ltr'><strong>Graecis</strong></span> <span class='ocrx_word' id='word_1_145' title='bbox 1823 1922 2067 1990; x_wconf 87' lang='lat' dir='ltr'><strong>dicitur</strong></span> <span class='ocrx_word' id='word_1_146' title='bbox 2114 1921 2393 2012; x_wconf 72' lang='grc' dir='ltr'><strong>αἴλουρος,</strong></span> <span class='ocrx_word' id='word_1_147' title='bbox 2418 1926 2520 2010; x_wconf 87' lang='lat' dir='ltr'><strong>(et</strong></span> 
     </span>
     <span class='ocr_line' id='line_1_17' title="bbox 303 2023 2517 2110; baseline 0 -17"><span class='ocrx_word' id='word_1_148' title='bbox 303 2027 462 2093; x_wconf 81' lang='lat' dir='ltr'><strong>hinc</strong></span> <span class='ocrx_word' id='word_1_149' title='bbox 515 2046 778 2110; x_wconf 81' lang='lat' dir='ltr'><strong>quoque</strong></span> <span class='ocrx_word' id='word_1_150' title='bbox 827 2023 1048 2088; x_wconf 76' lang='lat' dir='ltr'><strong>aelurus</strong></span> <span class='ocrx_word' id='word_1_151' title='bbox 1095 2025 1272 2090; x_wconf 89' lang='lat' dir='ltr'><strong>Gell.</strong></span> <span class='ocrx_word' id='word_1_152' title='bbox 1319 2041 1456 2088; x_wconf 81' lang='lat' dir='ltr'><strong>xx.</strong></span> <span class='ocrx_word' id='word_1_153' title='bbox 1483 2025 1549 2090; x_wconf 84' lang='lat'><strong>8.</strong></span> <span class='ocrx_word' id='word_1_154' title='bbox 1596 2033 1663 2091; x_wconf 84' lang='lat' dir='ltr'><strong>et</strong></span> <span class='ocrx_word' id='word_1_155' title='bbox 1703 2026 1957 2110; x_wconf 86' lang='lat' dir='ltr'><strong>Hygin.</strong></span> <span class='ocrx_word' id='word_1_156' title='bbox 1988 2025 2262 2094; x_wconf 78' lang='lat' dir='ltr'><strong>Astron.</strong></span> <span class='ocrx_word' id='word_1_157' title='bbox 2294 2044 2376 2094; x_wconf 89' lang='lat'><strong>11.</strong></span> <span class='ocrx_word' id='word_1_158' title='bbox 2406 2029 2517 2094; x_wconf 78' lang='lat'><strong>28.</strong></span> 
     </span>
     <span class='ocr_line' id='line_1_18' title="bbox 309 2126 2519 2210; baseline 0.002 -18"><span class='ocrx_word' id='word_1_159' title='bbox 309 2130 428 2193; x_wconf 88' lang='lat' dir='ltr'><strong>ubi</strong></span> <span class='ocrx_word' id='word_1_160' title='bbox 457 2126 932 2206; x_wconf 81' lang='lat' dir='ltr'><strong>v.·Muncker.)</strong></span> <span class='ocrx_word' id='word_1_161' title='bbox 963 2127 1250 2192; x_wconf 77' lang='lat' dir='ltr'><strong>Bubasti</strong></span> <span class='ocrx_word' id='word_1_162' title='bbox 1289 2127 1761 2210; x_wconf 83' lang='lat' dir='ltr'><strong>AEgyptiornm</strong></span> <span class='ocrx_word' id='word_1_163' title='bbox 1807 2149 1863 2193; x_wconf 86' lang='lat' dir='ltr'><strong>s.</strong></span> <span class='ocrx_word' id='word_1_164' title='bbox 1913 2129 2121 2194; x_wconf 80' lang='lat' dir='ltr'><strong>Lunae</strong></span> <span class='ocrx_word' id='word_1_165' title='bbox 2152 2147 2347 2195; x_wconf 79' lang='lat' dir='ltr'><strong>sacra</strong></span> <span class='ocrx_word' id='word_1_166' title='bbox 2369 2131 2519 2208; x_wconf 86' lang='lat' dir='ltr'><strong>fuit,</strong></span> 
     </span>
     <span class='ocr_line' id='line_1_19' title="bbox 309 2227 2519 2316; baseline 0.002 -24"><span class='ocrx_word' id='word_1_167' title='bbox 309 2232 586 2316; x_wconf 85' lang='lat' dir='ltr'><strong>ejusque</strong></span> <span class='ocrx_word' id='word_1_168' title='bbox 619 2230 776 2292; x_wconf 80' lang='lat' dir='ltr'><strong>viva</strong></span> <span class='ocrx_word' id='word_1_169' title='bbox 802 2228 1108 2312; x_wconf 61' lang='lat' dir='ltr'><strong>quaedam</strong></span> <span class='ocrx_word' id='word_1_170' title='bbox 1135 2229 1390 2310; x_wconf 82' lang='lat' dir='ltr'><strong>imago:</strong></span> <span class='ocrx_word' id='word_1_171' title='bbox 1435 2247 1503 2293; x_wconf 80' lang='lat' dir='ltr'><strong>v.</strong></span> <span class='ocrx_word' id='word_1_172' title='bbox 1549 2227 1879 2294; x_wconf 87' lang='lat' dir='ltr'><strong>Herodot.</strong></span> <span class='ocrx_word' id='word_1_173' title='bbox 1914 2247 1993 2295; x_wconf 88' lang='lat'><strong>11.</strong></span> <span class='ocrx_word' id='word_1_174' title='bbox 2022 2231 2132 2297; x_wconf 89' lang='grc'><strong>66.</strong></span> <span class='ocrx_word' id='word_1_175' title='bbox 2162 2231 2275 2296; x_wconf 88' lang='grc'><strong>67.</strong></span> <span class='ocrx_word' id='word_1_176' title='bbox 2338 2230 2519 2298; x_wconf 84' lang='lat' dir='ltr'><strong>Plut.</strong></span> 
     </span>
     <span class='ocr_line' id='line_1_20' title="bbox 313 2329 2517 2415; baseline 0.002 -19"><span class='ocrx_word' id='word_1_177' title='bbox 313 2332 394 2396; x_wconf 85' lang='lat' dir='ltr'><strong>de</strong></span> <span class='ocrx_word' id='word_1_178' title='bbox 429 2333 520 2396; x_wconf 82' lang='lat' dir='ltr'><strong>Is.</strong></span> <span class='ocrx_word' id='word_1_179' title='bbox 549 2338 618 2396; x_wconf 85' lang='lat' dir='ltr'><strong>et</strong></span> <span class='ocrx_word' id='word_1_180' title='bbox 663 2329 838 2394; x_wconf 83' lang='lat' dir='ltr'><strong>Osir.</strong></span> <span class='ocrx_word' id='word_1_181' title='bbox 885 2352 954 2415; x_wconf 89' lang='lat' dir='ltr'><strong>p.</strong></span> <span class='ocrx_word' id='word_1_182' title='bbox 981 2329 1134 2395; x_wconf 85' lang='grc'><strong>376.</strong></span> <span class='ocrx_word' id='word_1_183' title='bbox 1204 2329 1482 2394; x_wconf 87' lang='lat' dir='ltr'><strong>Diodor.</strong></span> <span class='ocrx_word' id='word_1_184' title='bbox 1534 2347 1581 2394; x_wconf 90' lang='lat'><strong>1.</strong></span> <span class='ocrx_word' id='word_1_185' title='bbox 1630 2338 1697 2395; x_wconf 86' lang='lat' dir='ltr'><strong>et</strong></span> <span class='ocrx_word' id='word_1_186' title='bbox 1745 2348 1831 2396; x_wconf 91' lang='lat'><strong>11.</strong></span> <span class='ocrx_word' id='word_1_187' title='bbox 1876 2332 1923 2398; x_wconf 85' lang='lat' dir='ltr'><strong>J</strong></span> <span class='ocrx_word' id='word_1_188' title='bbox 1928 2333 2233 2400; x_wconf 81' lang='lat' dir='ltr'><strong>ablonski</strong></span> <span class='ocrx_word' id='word_1_189' title='bbox 2277 2332 2517 2401; x_wconf 79' lang='lat' dir='ltr'><strong>Panth.</strong></span> 
     </span>
     <span class='ocr_line' id='line_1_21' title="bbox 315 2432 2523 2518; baseline 0.001 -20"><span class='ocrx_word' id='word_1_190' title='bbox 315 2436 472 2517; x_wconf 85' lang='lat' dir='ltr'><strong>AEg.</strong></span> <span class='ocrx_word' id='word_1_191' title='bbox 505 2451 624 2498; x_wconf 88' lang='grc' dir='ltr'><strong>ιιι.</strong></span> <span class='ocrx_word' id='word_1_192' title='bbox 651 2435 720 2499; x_wconf 91' lang='grc'><strong>3.</strong></span> <span class='ocrx_word' id='word_1_193' title='bbox 753 2434 812 2517; x_wconf 80' lang='lat'><strong>§.</strong></span> <span class='ocrx_word' id='word_1_194' title='bbox 839 2433 905 2498; x_wconf 84' lang='lat'><strong>3.</strong></span> <span class='ocrx_word' id='word_1_195' title='bbox 936 2452 1080 2518; x_wconf 88' lang='lat' dir='ltr'><strong>seq.</strong></span> <span class='ocrx_word' id='word_1_196' title='bbox 1109 2453 1178 2515; x_wconf 87' lang='lat' dir='ltr'><strong>p.</strong></span> <span class='ocrx_word' id='word_1_197' title='bbox 1209 2432 1316 2497; x_wconf 86' lang='lat'><strong>60.</strong></span> <span class='ocrx_word' id='word_1_198' title='bbox 1342 2438 1410 2497; x_wconf 87' lang='lat' dir='ltr'><strong>et</strong></span> <span class='ocrx_word' id='word_1_199' title='bbox 1431 2433 1655 2498; x_wconf 75' lang='grc'><strong>66-71.</strong></span> <span class='ocrx_word' id='word_1_200' title='bbox 1717 2434 2077 2516; x_wconf 78' lang='lat' dir='ltr'><strong>vulgatam</strong></span> <span class='ocrx_word' id='word_1_201' title='bbox 2104 2456 2263 2501; x_wconf 84' lang='lat' dir='ltr'><strong>vero</strong></span> <span class='ocrx_word' id='word_1_202' title='bbox 2289 2436 2523 2501; x_wconf 84' lang='lat' dir='ltr'><strong>lectio-</strong></span> 
     </span>
     <span class='ocr_line' id='line_1_22' title="bbox 311 2532 2521 2619; baseline 0 -18"><span class='ocrx_word' id='word_1_203' title='bbox 311 2556 460 2601; x_wconf 86' lang='lat' dir='ltr'><strong>nem</strong></span> <span class='ocrx_word' id='word_1_204' title='bbox 486 2542 752 2601; x_wconf 80' lang='lat' dir='ltr'><strong>tuentur</strong></span> <span class='ocrx_word' id='word_1_205' title='bbox 780 2533 1030 2616; x_wconf 81' lang='lat' dir='ltr'><strong>Grang.</strong></span> <span class='ocrx_word' id='word_1_206' title='bbox 1057 2539 1124 2599; x_wconf 83' lang='lat' dir='ltr'><strong>et</strong></span> <span class='ocrx_word' id='word_1_207' title='bbox 1167 2533 1416 2615; x_wconf 80' lang='lat' dir='ltr'><strong>Scalig.</strong></span> <span class='ocrx_word' id='word_1_208' title='bbox 1458 2532 1547 2597; x_wconf 81' lang='lat' dir='ltr'><strong>ad</strong></span> <span class='ocrx_word' id='word_1_209' title='bbox 1592 2534 1843 2598; x_wconf 83' lang='lat' dir='ltr'><strong>Tibull.</strong></span> <span class='ocrx_word' id='word_1_210' title='bbox 1889 2552 1940 2599; x_wconf 86' lang='lat'><strong>1.</strong></span> <span class='ocrx_word' id='word_1_211' title='bbox 1968 2538 2032 2600; x_wconf 88' lang='grc'><strong>7.</strong></span> <span class='ocrx_word' id='word_1_212' title='bbox 2062 2536 2173 2599; x_wconf 86' lang='grc'><strong>14.</strong></span> <span class='ocrx_word' id='word_1_213' title='bbox 2202 2541 2269 2599; x_wconf 85' lang='lat' dir='ltr'><strong>et</strong></span> <span class='ocrx_word' id='word_1_214' title='bbox 2296 2536 2521 2619; x_wconf 79' lang='lat' dir='ltr'><strong>aptius</strong></span> 
     </span>
     <span class='ocr_line' id='line_1_23' title="bbox 312 2631 2519 2721; baseline -0.001 -20"><span class='ocrx_word' id='word_1_215' title='bbox 312 2640 438 2703; x_wconf 84' lang='lat' dir='ltr'><strong>sibi</strong></span> <span class='ocrx_word' id='word_1_216' title='bbox 463 2639 533 2703; x_wconf 88' lang='lat' dir='ltr'><strong>h.</strong></span> <span class='ocrx_word' id='word_1_217' title='bbox 563 2639 610 2701; x_wconf 87' lang='lat'><strong>1.</strong></span> <span class='ocrx_word' id='word_1_218' title='bbox 641 2642 1066 2721; x_wconf 84' lang='lat' dir='ltr'><strong>opponuntur</strong></span> <span class='ocrx_word' id='word_1_219' title='bbox 1083 2632 1278 2719; x_wconf 68' lang='lat' dir='ltr'><strong>pisces</strong></span> <span class='ocrx_word' id='word_1_220' title='bbox 1305 2631 1554 2695; x_wconf 77' lang='lat' dir='ltr'><strong>eoerulei</strong></span> <span class='ocrx_word' id='word_1_221' title='bbox 1582 2652 1637 2697; x_wconf 78' lang='lat' dir='ltr'><strong>S.</strong></span> <span class='ocrx_word' id='word_1_222' title='bbox 1665 2634 1893 2711; x_wconf 77' lang='lat' dir='ltr'><strong>maris,</strong></span> <span class='ocrx_word' id='word_1_223' title='bbox 1924 2632 2304 2713; x_wconf 70' lang='lat' dir='ltr'><strong>etfluminis.</strong></span> <span class='ocrx_word' id='word_1_224' title='bbox 2354 2634 2519 2699; x_wconf 88' lang='lat' dir='ltr'><strong>Vel-</strong></span> 
     </span>
     <span class='ocr_line' id='line_1_24' title="bbox 309 2734 2521 2819; baseline -0.001 -14"><span class='ocrx_word' id='word_1_225' title='bbox 309 2740 436 2805; x_wconf 87' lang='lat' dir='ltr'><strong>lem</strong></span> <span class='ocrx_word' id='word_1_226' title='bbox 463 2746 688 2804; x_wconf 81' lang='lat' dir='ltr'><strong>tamen</strong></span> <span class='ocrx_word' id='word_1_227' title='bbox 712 2738 998 2803; x_wconf 82' lang='lat' dir='ltr'><strong>aliorum</strong></span> <span class='ocrx_word' id='word_1_228' title='bbox 1025 2736 1430 2818; x_wconf 85' lang='lat' dir='ltr'><strong>scriptorum</strong></span> <span class='ocrx_word' id='word_1_229' title='bbox 1472 2734 1643 2797; x_wconf 89' lang='lat' dir='ltr'><strong>locis</strong></span> <span class='ocrx_word' id='word_1_230' title='bbox 1694 2736 1969 2817; x_wconf 78' lang='lat' dir='ltr'><strong>probari</strong></span> <span class='ocrx_word' id='word_1_231' title='bbox 2007 2754 2237 2819; x_wconf 81' lang='lat' dir='ltr'><strong>posse,</strong></span> <span class='ocrx_word' id='word_1_232' title='bbox 2275 2736 2521 2801; x_wconf 80' lang='lat' dir='ltr'><strong>cultum</strong></span> 
     </span>
     <span class='ocr_line' id='line_1_25' title="bbox 221 2836 1913 2930; baseline -0.005 -18"><span class='ocrx_word' id='word_1_233' title='bbox 221 2908 226 2913; x_wconf 85' lang='lat'><strong>.</strong></span> <span class='ocrx_word' id='word_1_234' title='bbox 306 2842 590 2930; x_wconf 80' lang='lat' dir='ltr'><strong>piscium</strong></span> <span class='ocrx_word' id='word_1_235' title='bbox 619 2840 1028 2907; x_wconf 77' lang='lat' dir='ltr'><strong>marinorum</strong></span> <span class='ocrx_word' id='word_1_236' title='bbox 1057 2836 1398 2922; x_wconf 82' lang='lat' dir='ltr'><strong>AEgyptiis</strong></span> <span class='ocrx_word' id='word_1_237' title='bbox 1425 2836 1497 2901; x_wconf 89' lang='lat' dir='ltr'><strong>in</strong></span> <span class='ocrx_word' id='word_1_238' title='bbox 1524 2854 1655 2902; x_wconf 82' lang='lat' dir='ltr'><strong>usu</strong></span> <span class='ocrx_word' id='word_1_239' title='bbox 1680 2836 1913 2903; x_wconf 79' lang='lat' dir='ltr'><strong>fuisse.</strong></span> 
     </span>
    </p>
   </div>
   <div class='ocr_carea' id='block_1_3' title="bbox 1143 3164 1715 3191">
    <p class='ocr_par' dir='ltr' id='par_1_3' title="bbox 1143 3164 1715 3191">
     <span class='ocr_line' id='line_1_26' title="bbox 1143 3164 1715 3191; baseline 0 1609"><span class='ocrx_word' id='word_1_240' title='bbox 1143 3164 1715 3191; x_wconf 95' lang='lat' dir='ltr'><strong> </strong></span> 
     </span>
    </p>
   </div>
   <div class='ocr_carea' id='block_1_4' title="bbox 989 3376 1837 3507">
    <p class='ocr_par' dir='ltr' id='par_1_4' title="bbox 989 3376 1837 3507">
     <span class='ocr_line' id='line_1_27' title="bbox 989 3376 1837 3507; baseline -0.002 0"><span class='ocrx_word' id='word_1_241' title='bbox 989 3376 1837 3507; x_wconf 76' lang='lat' dir='ltr'><strong>ExcURsUs</strong></span> 
     </span>
    </p>
   </div>
   <div class='ocr_carea' id='block_1_5' title="bbox 1091 3633 1689 3685">
    <p class='ocr_par' dir='ltr' id='par_1_5' title="bbox 1091 3633 1689 3685">
     <span class='ocr_line' id='line_1_28' title="bbox 1091 3633 1689 3685; baseline -0.002 0"><span class='ocrx_word' id='word_1_242' title='bbox 1091 3640 1102 3651; x_wconf 91' lang='lat'>&#39;</span> <span class='ocrx_word' id='word_1_243' title='bbox 1138 3634 1241 3685; x_wconf 79' lang='lat' dir='ltr'><strong>AD</strong></span> <span class='ocrx_word' id='word_1_244' title='bbox 1277 3633 1420 3685; x_wconf 77' lang='lat' dir='ltr'><strong>SAT.</strong></span> <span class='ocrx_word' id='word_1_245' title='bbox 1452 3634 1573 3684; x_wconf 78' lang='lat' dir='ltr'><strong>XV.</strong></span> <span class='ocrx_word' id='word_1_246' title='bbox 1607 3638 1689 3685; x_wconf 81' lang='grc'><strong>27.</strong></span> 
     </span>
    </p>
   </div>
   <div class='ocr_carea' id='block_1_6' title="bbox 306 3810 2517 4212">
    <p class='ocr_par' dir='ltr' id='par_1_6' title="bbox 306 3810 2517 4212">
     <span class='ocr_line' id='line_1_29' title="bbox 393 3810 2515 3895; baseline -0.005 -8"><span class='ocrx_word' id='word_1_247' title='bbox 393 3820 681 3887; x_wconf 69' lang='lat' dir='ltr'><strong>Nonum</strong></span> <span class='ocrx_word' id='word_1_248' title='bbox 715 3817 1008 3883; x_wconf 85' lang='lat' dir='ltr'><strong>consulis</strong></span> <span class='ocrx_word' id='word_1_249' title='bbox 1047 3814 1226 3882; x_wconf 79' lang='lat' dir='ltr'><strong>varie</strong></span> <span class='ocrx_word' id='word_1_250' title='bbox 1273 3816 1342 3879; x_wconf 91' lang='lat' dir='ltr'><strong>h.</strong></span> <span class='ocrx_word' id='word_1_251' title='bbox 1370 3816 1416 3879; x_wconf 87' lang='lat' dir='ltr'><strong>l.</strong></span> <span class='ocrx_word' id='word_1_252' title='bbox 1455 3814 1769 3881; x_wconf 78' lang='lat' dir='ltr'><strong>exhibent</strong></span> <span class='ocrx_word' id='word_1_253' title='bbox 1810 3813 2077 3879; x_wconf 80' lang='lat' dir='ltr'><strong>codices</strong></span> <span class='ocrx_word' id='word_1_254' title='bbox 2114 3816 2251 3874; x_wconf 79' lang='lat' dir='ltr'><strong>tam</strong></span> <span class='ocrx_word' id='word_1_255' title='bbox 2280 3810 2515 3895; x_wconf 86' lang='lat' dir='ltr'><strong>scripti</strong></span> 
     </span>
     <span class='ocr_line' id='line_1_30' title="bbox 313 3905 2512 4011; baseline -0.005 -21"><span class='ocrx_word' id='word_1_256' title='bbox 313 3944 512 4011; x_wconf 83' lang='lat' dir='ltr'><strong>quam</strong></span> <span class='ocrx_word' id='word_1_257' title='bbox 539 3922 722 3987; x_wconf 73' lang='lat' dir='ltr'><strong>editi.</strong></span> <span class='ocrx_word' id='word_1_258' title='bbox 766 3905 778 3914; x_wconf 86' lang='lat'>&#39;</span> <span class='ocrx_word' id='word_1_259' title='bbox 816 3916 1014 3983; x_wconf 70' lang='lat' dir='ltr'><strong>sunio</strong></span> <span class='ocrx_word' id='word_1_260' title='bbox 1061 3918 1126 3983; x_wconf 84' lang='lat'><strong>8.</strong></span> <span class='ocrx_word' id='word_1_261' title='bbox 1172 3918 1239 3984; x_wconf 85' lang='lat'><strong>9.</strong></span> <span class='ocrx_word' id='word_1_262' title='bbox 1289 3918 1397 3983; x_wconf 90' lang='lat'><strong>11.</strong></span> <span class='ocrx_word' id='word_1_263' title='bbox 1437 3919 1547 3982; x_wconf 85' lang='lat'><strong>14.</strong></span> <span class='ocrx_word' id='word_1_264' title='bbox 1594 3916 1819 3985; x_wconf 81' lang='lat'><strong>17-20.</strong></span> <span class='ocrx_word' id='word_1_265' title='bbox 1847 3914 1955 3978; x_wconf 75' lang='lat'><strong>23.</strong></span> <span class='ocrx_word' id='word_1_266' title='bbox 1984 3913 2094 3977; x_wconf 83' lang='lat'><strong>70.</strong></span> <span class='ocrx_word' id='word_1_267' title='bbox 2122 3912 2233 3977; x_wconf 75' lang='lat'><strong>75.</strong></span> <span class='ocrx_word' id='word_1_268' title='bbox 2264 3912 2512 3978; x_wconf 82' lang='lat'><strong>76.7·7.</strong></span> 
     </span>
     <span class='ocr_line' id='line_1_31' title="bbox 308 4012 2516 4106; baseline -0.007 -14"><span class='ocrx_word' id='word_1_269' title='bbox 308 4026 417 4092; x_wconf 80' lang='lat'><strong>82.</strong></span> <span class='ocrx_word' id='word_1_270' title='bbox 507 4024 752 4101; x_wconf 84' lang='lat' dir='ltr'><strong>Recte,</strong></span> <span class='ocrx_word' id='word_1_271' title='bbox 781 4024 1033 4106; x_wconf 88' lang='lat' dir='ltr'><strong>opinor.</strong></span> <span class='ocrx_word' id='word_1_272' title='bbox 1127 4018 1392 4085; x_wconf 87' lang='lat' dir='ltr'><strong>Nomen</strong></span> <span class='ocrx_word' id='word_1_273' title='bbox 1440 4020 1817 4101; x_wconf 72' lang='lat' dir='ltr'><strong>corruptum</strong></span> <span class='ocrx_word' id='word_1_274' title='bbox 1865 4012 2123 4079; x_wconf 77' lang='lat' dir='ltr'><strong>videtur</strong></span> <span class='ocrx_word' id='word_1_275' title='bbox 2172 4014 2259 4079; x_wconf 83' lang='lat' dir='ltr'><strong>ab</strong></span> <span class='ocrx_word' id='word_1_276' title='bbox 2304 4015 2516 4098; x_wconf 87' lang='lat' dir='ltr'><strong>impe-</strong></span> 
     </span>
     <span class='ocr_line' id='line_1_32' title="bbox 306 4116 2517 4212; baseline -0.006 -16"><span class='ocrx_word' id='word_1_277' title='bbox 306 4130 456 4196; x_wconf 79' lang='lat' dir='ltr'><strong>ritis</strong></span> <span class='ocrx_word' id='word_1_278' title='bbox 483 4126 804 4205; x_wconf 70' lang='lat' dir='ltr'><strong>librariiS,</strong></span> <span class='ocrx_word' id='word_1_279' title='bbox 827 4124 940 4209; x_wconf 89' lang='lat' dir='ltr'><strong>qui</strong></span> <span class='ocrx_word' id='word_1_280' title='bbox 962 4124 1308 4212; x_wconf 77' lang='lat' dir='ltr'><strong>putabant,</strong></span> <span class='ocrx_word' id='word_1_281' title='bbox 1331 4120 1523 4189; x_wconf 83' lang='lat' dir='ltr'><strong>metri</strong></span> <span class='ocrx_word' id='word_1_282' title='bbox 1548 4119 1732 4201; x_wconf 84' lang='lat' dir='ltr'><strong>leges</strong></span> <span class='ocrx_word' id='word_1_283' title='bbox 1753 4116 2121 4204; x_wconf 86' lang='lat' dir='ltr'><strong>prohibere,</strong></span> <span class='ocrx_word' id='word_1_284' title='bbox 2144 4136 2279 4203; x_wconf 85' lang='lat' dir='ltr'><strong>quo</strong></span> <span class='ocrx_word' id='word_1_285' title='bbox 2299 4116 2517 4185; x_wconf 71' lang='lat' dir='ltr'><strong>minus</strong></span> 
     </span>
    </p>
   </div>
  </div>
 </body>
</html>
