2975 4800
1024 287 1166 342 «1οῪ
1178 289 1401 340 RNAL.

170 426 293 479 ἱιι
342 427 525 482 falso
546 429 925 497 deprehensus.
990 431 1143 482 Hanc
1162 429 1393 482 fabulam

172 506 527 570 nes-ipsit
552 503 1069 570 Laberius—Velox]
1091 507 1391 572 Cognomen

198 569 541 632 Ilaeutuli.
602 581 738 632 Vide
782 581 1010 633 Martini.
1070 583 1159 634 lib.
1208 585 1390 646 Spect.

208 659 499 728 Epigr.
525 665 573 712 7.
598 659 771 712 lubin.
826 663 927 712 Vel
948 660 1088 712 forte
1122 662 1391 727 epitheton

222 734 341 798 qi
403 737 723 788 conveniens
760 746 979 802 propter
1017 739 1301 802 agilitatem
1338 739 1391 788 in

234 813 523 876 agenda
547 811 743 876 fabula,
766 821 821 864 et
844 815 973 864 mira
993 815 1391 864 strenuitate.—

246 887 625 952 Πανιώνια]
678 891 793 940 Hoc
836 890 972 952 ideo,
1013 891 1134 956 quia
1178 892 1229 940 in
1278 891 1391 954 ipso

260 963 479 1014 mimo
510 965 767 1016 Laureolo
808 962 987 1030 figitur
1026 981 1173 1017 crux.
1236 967 1392 1016 Unde

270 1053 443 1088 vera
464 1055 623 1090 cruce
641 1040 827 1106 dignus
849 1043 1121 1104 Lentulus,
1138 1042 1227 1108 qui
1242 1049 1390 1092 tauto

274 1113 677 1166 detestabilior
694 1124 793 1178 est,
814 1125 1061 1181 quantum
1078 1118 1165 1167 ille
1190 1125 1391 1182 gestum

280 1190 552 1242 imitatus
571 1201 650 1242 est
672 1193 951 1244 scenicum.
1020 1193 1125 1244 Hie
1140 1195 1391 1243 Lentulus

288 1249 512 1316 ⁸nobilis
547 1266 665 1329 fuit,
697 1275 749 1318 et
788 1269 1017 1334 suscepit
1049 1269 1181 1318 servi
1215 1285 1390 1334 perso-

300 1355 437 1390 nam
462 1343 515 1390 in
550 1343 752 1406 agendo
776 1341 947 1408 mimo,
967 1351 1023 1394 et
1046 1343 1392 1408 deprehensus

306 1416 517 1477 insulso
540 1417 816 1468 crucifixus
840 1427 937 1470 est.
1003 1421 1106 1471 Vct.
1128 1421 1242 1471 Set.

386 1497 487 1542 188
506 1493 679 1543 ,Iudice
702 1495 797 1558 me]
840 1493 933 1545 Ait
956 1507 1074 1546 eum
1098 1499 1395 1564 Lentulum,

309 1585 467 1634 vera,
492 1587 591 1622 nou
612 1571 733 1623 ficta
762 1589 919 1624 cruce
950 1575 1165 1640 dignum
1198 1575 1389 1626 fuisse:

311 1648 415 1710 qni
468 1649 609 1698 nulla
661 1649 949 1700 honestatis
998 1667 1031 1701 a
1084 1652 1391 1718 nobilitatis,

310 1737 635 1790 suorumque
673 1729 927 1792 majorum
961 1729 1139 1779 habita
1172 1731 1393 1794 ratione,

313 1801 617 1852 scurriliter
637 1803 847 1854 mimum
880 1808 1257 1870 egerit.-—-Nec,
1284 1809 1395 1872 ξι]

314 1872 393 1925 ld
430 1887 534 1940 est,
572 1879 645 1928 ita
683 1880 1031 1944 reprehendas
1072 1881 1290 1944 nobiles,
1328 1899 1393 1932 ne

320 1954 535 2004 interea
560 1957 751 2019 populo
771 1957 1001 2006 Romano
1022 1958 1283 2022 ignoscas,
1306 1960 1395 2026 qui

318 2030 441 2080 haee
460 2031 703 2080 nobilium
724 2030 983 2083 dedecora
1005 2035 1226 2084 sustinet
1247 2050 1396 2100 spec-

324 2113 467 2166 tare,
490 2119 593 2155 non
614 2107 725 2156 sine
750 2109 1019 2171 applausu.

396 2185 491 2230 189
508 2181 683 2246 Populi
686 2182 851 2246 from]
889 2185 1022 2237 Quoe
1038 2187 1179 2252 nullo
1197 2187 1397 2253 pudore

324 2255 593 2320 adficitur,
640 2273 737 2310 uec
782 2259 1061 2325 erubescit,
1111 2263 1177 2312 ad
1224 2263 1401 2326 turpia

326 2334 442 2386 haec
470 2341 783 2403 spectacula.
842 2340 1050 2390 Fmab.
1078 2341 1399 2405 -Ignoscas,

325 2412 435 2475 qm]
501 2414 607 2466 Qui
632 2418 829 2480 patitur
848 2417 1051 2467 nobiles
1074 2426 1289 2483 agentes
1312 2418 1401 2467 mi·

330 2502 437 2539 mos
461 2500 717 2555 spectare.
766 2492 872 2541 Vet.
896 2493 1007 2542 Sch.

398 2570 493 2616 190
528 2566 627 2623 Qm·
646 2570 801 2633 sedet]
857 2571 962 2622 Qui
994 2578 1097 2621 tam
1133 2571 1305 2635 turpia
1325 2572 1397 2621 vi-

330 2640 459 2695 dere
504 2645 745 2709 sustinet,
798 2652 855 2695 et
898 2647 1030 2696 hanc
1075 2648 1399 2711 patritiorum

326 2718 717 2769 scurrilitatem.
752 2720 927 2771 Lubias.
962 2722 1065 2773 Qui
1089 2738 1203 2773 sese
1228 2730 1402 2785 potest

330 2794 619 2859 continere,
655 2802 711 2845 et
751 2812 859 2861 pree
906 2797 1261 2863 indignatione
1298 2813 1403 2849 non

332 2868 569 2937 insultat,
614 2872 705 2921 sed
750 2872 948 2922 assidet
992 2874 1199 2939 quietus
1235 2880 1292 2925 et
1325 2881 1403 2925 at·

334 2954 526 2997 tentus.
594 2946 689 2998 Ait
705 2950 923 3013 Scaliger
944 2949 1059 3000 inv.
1094 2951 1181 3001 De
1199 2950 1403 3001 emend.

333 3028 494 3087 temp.
528 3022 837 3075 Juvenalem
881 3028 1177 3076 transcurris
1215 3041 1403 3076 vocare

332 3096 501 3165 ludos,
522 3099 589 3149 ad
626 3116 754 3165 quos
786 3116 852 3150 ex
888 3111 1071 3154 senatu
1114 3104 1407 3154 transibant

334 3182 637 3226 senatores:
678 3178 884 3242 quando
926 3179 1131 3229 scilicet
1169 3194 1235 3229 ex
1259 3194 1405 3229 sena·

338 3252 535 3303 toribus
553 3252 751 3304 fiebant
770 3270 983 3317 scurrae,
998 3262 1053 3305 et
1068 3256 1144 3305 sic
1159 3258 1405 3307 transisse

334 3326 402 3379 ad
428 3345 653 3393 scurras,
689 3330 741 3379 id
765 3338 863 3395 est,
886 3332 1221 3383 orchestram.
1271 3332 1409 3383 Sunt

334 3406 425 3471 qui
456 3406 683 3458 scribere
716 3409 945 3458 malunt:
987 3409 1005 3436 ‘
1040 3410 1259 3471 Spectat
1290 3409 1405 3459 tris·

335 3480 481 3533 curia
524 3482 655 3548 pat!
688 3484 1006 3535 Triscurium
1044 3484 1227 3549 ingens
1258 3499 1405 3547 cura,

341 3562 399 3606 ut
424 3565 507 3609 est
546 3558 749 3625 reipub.
790 3576 905 3627 quae
936 3574 1059 3611 sane
1093 3574 1221 3610 cura
1251 3560 1409 3625 digua

338 3631 585 3697 patritiis.
634 3636 847 3686 Minus
868 3636 998 3687 dicit
1020 3636 1271 3687 triscurria
1291 3653 1407 3689 esse

342 3708 554 3761 verbum
598 3712 871 3777 antiquum
915 3713 1113 3777 fictum,
1158 3715 1409 3779 grandem

338 3784 703 3836 scurrilitatem
726 3788 1019 3853 designans.
1085 3790 1221 3840 Nam
1250 3792 1411 3855 parti·

343 3862 461 3917 cula
492 3863 611 3927 rpls,
653 3879 749 3929 pro
788 3867 1107 3931 superlativo
1140 3867 1317 3919 Graeci
1354 3874 1413 3919 et

342 3927 514 3990 latini
570 3946 805 3993 utuntur.
882 3943 973 3993 Sic
1030 3942 1247 3995 dicimus
1282 3961 1411 4007 τρισ-

336 4012 953 4081 μργιστος.·-Τη”κιπ·ἒιι,
970 4020 1077 4084 dra]
1108 4020 1289 4084 Jooos,
1308 4027 1415 4071 tres

340 4106 547 4141 scurras
562 4093 813 4143 nobilium
827 4092 1027 4144 fabulas
1041 4104 1255 4160 agentes
1270 4113 1285 4146 ι
1306 4096 1414 4147 dic·

343 4173 475 4233 tum,
493 4169 614 4235 quia
639 4177 747 4223 tres
762 4167 917 4221 simul
948 4168 979 4199 ¹¹
1012 4178 1226 4237 exeant,
1242 4188 1415 4239 quam·

346 4243 419 4301 vi·
430 4244 630 4313 aliquid
648 4252 967 4317 querentes.
1008 4248 1115 4303 va.
1136 4247 1251 4301 Soh-

1482 287 1656 338 ssr.
1704 290 1870 346 vm.
2269 293 2292 312 ·
2353 277 2534 344 tolo

1530 433 1621 480 lot
1661 431 2048 496 Plurimaque]
2091 433 2196 486 Qui
2231 433 2286 484 in
2318 433 2530 486 theatro

1462 507 1612 558 audit
1633 509 1970 558 nobilissimos
1990 509 2182 560 Fabios
2203 510 2530 573 planipedes,

1461 581 1661 634 fabulas
1679 592 1732 634 et
1755 585 1934 634 mimos
1958 591 2186 648 agentes.
2249 585 2370 648 Qui,
2393 590 2528 635 teste

1462 661 1740 724 Diomede,
1762 661 2066 726 planipedes
2101 661 2362 724 dicuntur,
2391 661 2530 726 quod

1460 743 1665 788 actores
1696 739 1917 800 Comici,
1937 739 2124 802 planis,
2159 739 2214 788 id
2246 745 2344 801 est,
2374 737 2530 788 meris

1461 813 1546 862 vel
1589 813 1736 862 nudis
1778 813 1997 877 pedibus
2045 822 2333 872 uterentur,
2376 821 2434 865 et
2475 813 2532 864 iu

1464 891 1788 952 proscenium
1833 890 2124 940 introirent.
2190 889 2366 940 Labiu.
2434 890 2532 940 Co·

1465 965 1652 1014 thuruo
1686 965 1894 1030 tragici,
1916 980 2068 1016 socco
2106 965 2336 1022 Comoedi
2370 965 2532 1030 pedes

1462 1043 1776 1106 induebant3
1834 1045 1932 1108 ipsi
1977 1054 2150 1094 autem
2193 1045 2336 1094 mimi
2379 1044 2534 1094 nudis

1463 1121 1683 1185 pedibus
1743 1121 1986 1186 agebant.
2044 1119 2236 1182 Scalig.
2295 1119 2447 1170 Poiit.
2489 1133 2532 1170 ι.

1465 1199 1974 1262 c.10.—Plnaipedes,
2003 1197 2112 1261 Sym]
2158 1196 2376 1247 Nobiles
2409 1210 2534 1250 neo·

1466 1274 1774 1340 niscologos.
1834 1274 1938 1325 Vei.
1967 1273 2078 1322 Sch.

1533 1353 1628 1399 192
1680 1351 2026 1399 Mamercorum
2062 1345 2247 1412 alapas]
2301 1343 2534 1396 Nobilis-

1464 1423 1618 1474 simos
1639 1426 1946 1486 Mamercos,
1965 1423 2197 1486 colaphis
2229 1435 2532 1486 percussos:

1466 1514 1582 1550 nam
1629 1501 1682 1550 in
1717 1501 1883 1550 mimis
1927 1499 2206 1564 prodibant
2245 1513 2440 1548 scurroe
2479 1504 2538 1548 et

1468 1576 1707 1641 parasiti,
1728 1577 1818 1642 qui
1843 1575 2018 1638 alapas
2041 1580 2097 1624 et
2120 1573 2339 1624 verbera
2369 1573 2536 1636 patie-

1465 1653 1656 1703 bantur
1695 1652 1762 1701 ah
1798 1653 1882 1709 iis,
1905 1651 1992 1716 qui
2027 1650 2350 1714 augustiores
2382 1648 2538 1700 susti·

1467 1729 1665 1780 nebant
1714 1743 1977 1793 personas.
2051 1727 2358 1776 Scaurorum
2409 1741 2542 1790 prae-

1467 1820 1654 1854 nomen
1712 1810 1825 1853 erat
1863 1805 2156 1853 Mamercus
2195 1811 2252 1852 et
2291 1817 2322 1851 a
2365 1801 2538 1852 Plinio

1470 1895 1668 1930 xxxvi.
1693 1885 1773 1931 11.
1811 1879 1898 1930 De
1919 1877 2124 1930 Scauris
2137 1877 2385 1928 arenariis
2403 1891 2540 1928 nuuc

1469 1957 1718 2022 loquitur,
1742 1955 1900 2020 longe
1940 1955 2354 2020 digredientibus
2385 1969 2416 2003 a
2435 1953 2539 2004 Ve-

1470 2043 1640 2084 terum
1677 2035 1988 2082 Scaurorum
2039 2030 2148 2080 vita
2185 2037 2242 2079 et
2291 2029 2540 2081 moribus.

1470 2107 2012 2172 Darkama—Alopes]
2078 2107 2303 2171 Insuper
2363 2112 2544 2156 contu-

1470 2185 1638 2234 meliis
1671 2184 1932 2249 alaparum
1961 2186 2038 2233 sie
2075 2198 2132 2232 os
2171 2181 2372 2247 objicit,
2394 2181 2544 2248 quasi

1474 2260 1540 2309 de
1574 2270 1846 2324 praecepto
1885 2259 2079 2309 domini
2113 2258 2276 2310 ludat.
2333 2256 2544 2309 Tertul-

1471 2336 1594 2386 lian.
1629 2337 1696 2385 de
1731 2337 2078 2400 spectaculis:
2119 2335 2322 2385 Ictibus
2359 2331 2544 2385 infelix

1474 2408 1639 2461 facies
1692 2412 1914 2473 locatur,
1965 2417 2025 2460 ut
2063 2408 2322 2460 infelicior
2361 2418 2544 2461 venter

1472 2489 1752 2553 saginetur.
1873 2488 2120 2553 cyprian.
2193 2487 2547 2539 Far-nabin.—

1478 2564 1680 2626 Quanti,
1722 2564 1828 2628 ξω]
1905 2564 2153 2613 Invectus
2213 2564 2446 2627 superius
2491 2564 2548 2613 in

1477 2640 1696 2703 nobiles,
1729 2641 1816 2705 qui
1848 2639 2168 2691 histrioniam
2188 2638 2546 2703 exercebant;

1464 2716 1578 2780 jam
1617 2716 1829 2767 damnat
1857 2717 1971 2767 illos
2003 2716 2223 2778 nobiles,
2246 2716 2337 2781 qui
2359 2729 2547 2767 munus

1477 2792 1846 2856 gladiatorium
1869 2800 2114 2859 tanquam
2132 2793 2374 2843 vilissima
2403 2807 2548 2843 man·

1476 2868 1614 2933 cipia
1649 2869 1885 2931 obibant,
1916 2870 2074 2935 idque
2095 2876 2282 2935 sponte
2309 2876 2368 2919 et
2387 2870 2550 2921 ultro.

1476 2946 1761 3008 -Funercfl
1806 2946 1870 2996 Id
1895 2954 1997 3009 est,
2029 2962 2251 3011 corpora
2271 2946 2338 2997 de
2360 2946 2549 3013 quibus

1478 3020 1664 3073 funera
1685 3022 1856 3074 futura
1881 3032 2044 3076 erant.
2113 3027 2254 3075 Nam
2287 3040 2404 3075 cum
2423 3024 2548 3075 vitm

1478 3099 1712 3163 periculo
1753 3100 1828 3150 ibi
1866 3100 2215 3165 pugnabatur.
2267 3101 2415 3151 Idem.
2477 3102 2551 3151 Et

1479 3176 1556 3225 illi
1580 3176 1658 3226 sui
1679 3177 1800 3227 aeris
1831 3177 2035 3242 inopes,
2057 3177 2246 3227 divites
2275 3177 2452 3243 alieni,
2487 3192 2549 3228 re

1480 3267 1598 3303 cum
1623 3268 1716 3318 spe
1751 3260 2036 3319 consumta,
2055 3252 2122 3305 ad
2141 3260 2432 3305 extremum
2463 3254 2550 3307 de-

1478 3327 1773 3379 liberabant
1797 3329 2112 3395 gladiatores
2133 3329 2550 3379 fieri—Mamer·

1477 3420 1654 3467 corum,
1703 3404 1809 3470 ξω]
1896 3404 2262 3472 'turpitudinis
2314 3406 2550 3457 crimina.

1487 3482 1592 3534 Vct.
1617 3482 1728 3533 δώ.

1547 3562 1641 3608 193
1679 3559 1830 3624 Quia,
1852 3558 1964 3625 ξω]
2014 3559 2152 3610 Illud
2177 3558 2342 3623 adhuc
2364 3572 2550 3623 parum

1480 3642 1580 3699 est,
1612 3640 1670 3685 et
1711 3634 1864 3687 facile
1899 3634 2140 3685 excusari
2177 3640 2372 3700 potest,
2391 3634 2550 3691 colla-

1482 3710 1624 3761 tione
1653 3710 1978 3775 Histrioniae,
2011 3725 2130 3775 quae
2151 3711 2326 3775 pejor,
2359 3718 2416 3761 et
2436 3710 2552 3762 viro

1482 3786 1644 3837 nobili
1661 3786 1934 3851 indignior.
2001 3785 2147 3837 Nihil
2171 3784 2336 3839 refert
2357 3793 2552 3853 quanto

1484 3864 1657 3931 pretio
1687 3878 1742 3912 se
1776 3867 2119 3913 exauctorent
2149 3868 2208 3911 et
2239 3876 2334 3915 sua
2369 3863 2554 3917 funera

1486 3941 1750 3991 vendant:
1786 3938 1880 3991 scd
1912 3939 2012 3991 hoc
2034 3938 2314 3989 dolendum
2335 3940 2476 4006 quod
2493 3954 2554 3991 se

1485 4019 1626 4069 ultro
1668 4022 1728 4067 et
1779 4017 1924 4066 nullo
1965 4014 2189 4081 jubente
2236 4015 2556 4067 vendant..-

1488 4094 1658 4159 Nullo,
1677 4094 1786 4159 ξω]
1849 4092 2150 4143 Domitiano
2183 4107 2288 4145 non
2330 4100 2556 4159 cogente

1487 4186 1600 4234 eos,
1636 4178 1698 4223 ut
1731 4170 1862 4221 fecit
1891 4170 2056 4233 Nero,
2093 4171 2184 4235 qui
2219 4173 2276 4223 in
2311 4172 2450 4223 ludis
2483 4172 2554 4223 ad

1488 4246 1686 4307 ferrum
1727 4244 1963 4305 exhibuit
1989 4250 2089 4299 400
2121 4248 2419 4315 Senatores,
2453 4253 2554 4301 600
