2975 4800
483 351 619 418 '748

489 524 540 560 c.
563 511 644 559 1⁶.
663 504 848 556 scribit
867 503 982 556 illos
997 504 1202 555 modice
1219 504 1330 554 aliis
1347 505 1561 570 quidem

491 583 730 636 animatis
783 587 1070 642 vescentes,
1116 581 1352 646 quaedam
1401 579 1561 632 etiam

492 661 864 728 sacrificantes,
888 662 1020 708 solos
1045 660 1251 708 omniuo
1293 661 1460 724 pisces
1496 675 1563 710 ne

489 745 726 803 gustasse
749 737 975 801 quidem,
999 738 1236 785 nimirum
1259 737 1380 800 quia
1404 737 1557 786 silen-

487 814 616 864 tium
651 815 911 862 colebant.
997 812 1216 873 Gellius,
1251 827 1327 861 lv.
1368 817 1446 861 11.
1481 813 1557 861 sic

485 889 676 939 habet:
711 893 726 917 ‘
749 890 940 952 Opinio
962 897 1108 938 vetus
1132 887 1261 938 falsa
1279 889 1559 952 occupavit

491 971 548 1016 et
597 967 860 1015 convaluit
913 967 1263 1030 Pythagoram
1327 965 1559 1014 Philoso-

489 1041 648 1105 phum
686 1055 786 1090 non
825 1041 1090 1089 esitavisse
1129 1053 1195 1088 ex
1234 1040 1559 1100 animalibus,

490 1115 619 1166 item
645 1117 948 1166 abstinuisse
981 1115 1176 1177 fabulo,
1198 1131 1351 1180 quem
1381 1115 1560 1176 κύαμον

491 1191 667 1242 Graeci
713 1193 1146 1256 appellunt—Ex
1191 1193 1372 1242 eadem
1431 1193 1560 1243 item

495 1267 736 1330 opinione
757 1269 834 1316 M.
861 1269 970 1318 Cic.
1009 1268 1122 1317 Lib.
1156 1268 1222 1317 de
1254 1269 1430 1318 Divin.
1455 1269 1560 1333 pri-

495 1341 728 1400 mo,lm³c
758 1342 919 1392 verba
951 1343 1164 1406 posuit:
1213 1343 1376 1394 Jubet
1398 1344 1579 1407 igitu—

491 1415 650 1468 l’luto
680 1418 752 1468 sic
789 1419 854 1468 ad
889 1433 1121 1468 somnum
1155 1419 1412 1484 proficisci
1447 1437 1562 1470 cor-

493 1495 710 1559 poribus
757 1495 981 1559 affcctis,
1033 1504 1092 1546 ut
1145 1497 1270 1546 nihil
1314 1499 1382 1548 sit
1422 1497 1561 1563 quod

493 1585 716 1621 errorem
780 1573 962 1622 animis
1017 1574 1560 1638 perturbationemque

496 1645 699 1697 afferat.
765 1649 846 1697 Ex
884 1662 988 1713 quo
1024 1649 1178 1698 etiam
1215 1649 1559 1714 Pythagoreis

491 1723 828 1773 interdictum
850 1730 1082 1787 putatur,
1119 1738 1186 1773 ne
1221 1721 1343 1774 faba
1382 1739 1559 1776 vesce-

493 1803 704 1860 rentur3
757 1813 872 1862 quse
914 1813 997 1848 res
1043 1797 1199 1849 babet
1237 1797 1559 1849 inflationem

491 1887 746 1936 magnam.
832 1873 886 1922 Is
925 1874 1072 1924 cibus
1129 1874 1562 1940 tranquillitatem

489 1948 680 1997 mentis
704 1949 1050 2013 quaerentibus
1071 1957 1276 2000 constat
1301 1966 1413 2000 esse
1438 1967 1561 2002 con-

493 2023 696 2074 narius.
781 2023 913 2076 Haec
955 2024 1164 2090 quidem
1201 2025 1407 2088 Cicero,
1464 2028 1558 2076 sed

493 2097 852 2162 Aristoxenus,
889 2100 1122 2150 Musicus
1165 2102 1244 2151 vir
1293 2101 1556 2153 literarum
1636 2102 1873 2154 dicasse.’

1634 2181 1750 2231 229.

493 2178 727 2226 veterum
770 2175 1211 2243 diligentissimus,
1253 2177 1554 2230 Aristotelis

1393 361 1596 414 BXGU
1606 363 1793 413 RSUS

1640 504 1865 568 auditor,
1888 504 1943 555 in
1966 503 2127 556 Libro
2150 517 2309 569 quem
2332 502 2404 556 de
2422 479 2803 570 Pythagor-'s

1642 582 1876 646 reliquit,
1910 581 2055 630 nullo
2078 582 2271 645 saepius
2294 582 2643 644 legii-enm
2670 578 2803 642 Py-

1645 659 1914 722 thagoram
1969 657 2095 707 dicit
2152 673 2298 707 usum
2360 673 2521 722 quam
2592 655 2797 717 fabis,

1643 734 1882 797 quoniam
1916 735 1960 782 is
1990 733 2141 784 cibus
2178 741 2229 781 et
2256 733 2615 783 subduceret
2646 745 2793 781 seu-

1639 809 1735 856 sim
1775 810 1945 858 alvum
1984 823 2049 858 ac
2076 809 2367 874 levigaret.
2386 837 2456 847 ——
2478 808 2791 858 Porculis

1641 899 1846 948 quoque
1882 886 2205 948 minusculis,
2228 894 2284 935 et
2328 886 2494 934 liaedis
2522 885 2787 936 tenuio-

1640 959 1783 1008 ribus
1804 960 2070 1010 victitasse
2094 961 2260 1010 refert
2284 964 2421 1010 idem
2448 962 2785 1012 Aristoxe-

1640 1049 1756 1084 nus.
1772 1065 1837 1073 —
1855 1037 1937 1086 Ac
1958 1037 2025 1086 de
2046 1037 2353 1087 animalibus
2372 1039 2537 1088 etiam
2562 1041 2781 1089 docet

1639 1110 1821 1161 Alexis
1863 1112 2032 1162 Poeta
2066 1115 2119 1161 iu
2160 1113 2452 1176 Comoedia,
2473 1131 2596 1179 (με
2630 1115 2775 1178 Py-

1640 1187 1874 1252 thagorae
1899 1189 2004 1238 vitu
2036 1191 2370 1254 inscribitur,'
2394 1195 2499 1241 dte.
2564 1193 2769 1243 Cete-

1640 1277 1752 1312 rum
1792 1263 2015 1328 frugales
2056 1267 2331 1316 admodum
2362 1269 2759 1334 Pythagora-

1641 1345 1697 1388 et
1722 1341 2075 1403 Pythagoreos
2101 1351 2329 1404 constat,
2365 1351 2527 1410 atque
2550 1345 2753 1410 pomis

1641 1421 1695 1462 et
1718 1417 1976 1478 olusculis,
1994 1417 2253 1468 interdum
2289 1433 2425 1482 pane
2462 1422 2749 1472 senene

1642 1498 1915 1541 contentos
1951 1492 2127 1543 fuisse.
2226 1494 2421 1546 Athen.
2466 1510 2524 1547 x.
2565 1505 2615 1546 5.
2672 1507 2745 1548 et

1642 1568 1783 1619 alibi.
1850 1571 1980 1619 Cael.
2008 1571 2224 1636 Rhodig.
2248 1586 2369 1622 ιιι.
2391 1577 2443 1622 8.
2486 1581 2544 1623 et
2577 1587 2737 1623 xxx.

1641 1647 1723 1692 86.
1780 1643 1927 1694 Idem
1950 1644 2041 1694 lib.
2064 1657 2268 1695 xxvm.
2292 1651 2371 1696 12.
2394 1647 2473 1697 ita
2492 1649 2687 1698 scribit
2710 1665 2731 1697 .·.

1642 1721 1657 1746 ‘
1684 1721 1923 1784 Legimus
1966 1721 2020 1770 in
2064 1722 2374 1772 Graecorum
2436 1725 2731 1787 thesauris,

1640 1796 1845 1846 reddito
1894 1799 2066 1847 Romae
2111 1799 2341 1860 oraculo,
2394 1807 2457 1848 ut
2504 1802 2723 1850 Graecae

1642 1873 1811 1936 gentis
1878 1874 2266 1938 prudentissimi
2318 1889 2383 1924 ac
2438 1874 2721 1926 fortissimi

1641 1957 1837 2000 statuas
1858 1951 2139 2013 erigerent,
2162 1963 2283 1998 mox
2306 1949 2359 1998 in
2383 1948 2503 2000 foro
2522 1951 2719 2014 Pytha-

1639 2039 1778 2088 gorae
1811 2031 1865 2075 et
1888 2025 2173 2075 Alcibiadis
2198 2039 2263 2074 ex
2288 2039 2396 2074 aere
2424 2023 2601 2075 iconas
2623 2025 2715 2076 de-

1954 2103 2091 2154 Vide
2114 2110 2172 2153 et
2201 2117 2362 2172 supra
2390 2103 2506 2154 Sat.
2528 2117 2613 2155 m.
2636 2118 2707 2154 vs.

1179 2760 2029 2839 EXCURSUS

1334 2964 1440 3015 AD
1473 2965 1621 3017 SAT.
1656 2966 1775 3017 XV.
1810 2973 1859 3018 7.

583 3148 733 3215 ΙΙΙίσ
757 3148 1064 3231 caeruleos,
1093 3172 1200 3216 nec
1215 3150 1443 3237 piscem
1449 3152 1743 3234 fluminis
1769 3156 1875 3221 23.
1969 3154 2088 3221 Illi
2126 3157 2433 3240 caeruleos,
2464 3161 2537 3227 112·
2574 3162 2703 3247 pis·

495 3271 618 3317 cem
624 3252 944 3336 fluminis,
975 3252 1075 3319 illi
1119 3258 1186 3321 4.
1233 3264 1302 3322 et
1333 3259 1396 3323 9.
1444 3256 1767 3321 coeruleum
1810 3261 2063 3325 emend.
2114 3260 2271 3327 Nic.
2316 3260 2563 3330 Heius·
2613 3267 2705 3331 ad

494 3354 683 3439 Virg.
709 3355 869 3420 AEn.
899 3372 1013 3420 111.
1042 3356 1194 3423 329.
1225 3358 1311 3422 ad
1343 3358 1551 3442 Prop.
1603 3377 1682 3423 11.
1727 3360 1832 3425 12.
1886 3362 1946 3425 1.
2000 3368 2069 3426 et
2108 3364 2217 3429 23.
2257 3366 2559 3451 101.(al.
2586 3368 2698 3433 32.

494 3460 632 3539 45.)
662 3464 730 3553 et
759 3458 847 3523 ad
875 3457 1116 3524 Claud.
1149 3460 1326 3525 laud.
1377 3458 1591 3527 Stilic.

1645 3479 1723 3525 11.
1772 3462 1924 3528 167.
1974 3466 2217 3547 quibus
2261 3468 2431 3531 locis
2476 3469 2701 3547 docet,

487 3562 752 3629 literam
801 3583 861 3623 m
921 3562 1196 3645 produci
1254 3570 1527 3647 propter
1578 3566 1831 3631 hiatum
1888 3572 1955 3631 et
2004 3586 2352 3648 caesuram,
2402 3572 2703 3654 neglecta

493 3665 828 3749 ecthlipsi.
903 3662 1008 3728 Cf.
1043 3664 1379 3729 Drakenb.
1409 3666 1495 3731 ad
1526 3666 1647 3731 Sil.
1682 3684 1732 3733 1.
1766 3670 1915 3734 109.
1963 3669 2316 3736 Broekbus,
2364 3672 2451 3735 ad
2490 3672 2695 3756 Prop.

491 3764 563 3831 11.
591 3768 663 3833 ll.
695 3778 760 3834 et
788 3768 874 3859 ad
901 3766 1152 3833 Tibull.
1187 3785 1239 3831 1.
1271 3770 1336 3832 5.
1367 3768 1476 3834 33.
1527 3768 1833 3835 Oudend.
1867 3771 1953 3834 ad
1984 3770 2234 3836 Lucan.
2268 3788 2337 3835 v.
2368 3774 2517 3838 526.
2563 3773 2699 3839 Re-

493 3864 785 3950 fragatur
827 3872 930 3935 his
977 3868 1304 3935 Schrader
1355 3870 1731 3937 Emendatt.
1788 3894 1856 3955 p.
1900 3872 2053 3938 136.
2096 3893 2233 3956 seq.
2285 3874 2403 3937 ubi
2454 3880 2697 3953 monet,

495 3963 1012 4050 Grammaticos,
1076 3973 1567 4057 praestantiores
1618 3973 1906 4057 quidem,
1962 3974 2125 4039 nihil
2180 3974 2508 4059 ejusmodi
2566 3982 2696 4041 tra-

474 4062 676 4144 dere,
707 4069 1008 4155 adeoque
1037 4074 1212 4154 loca,
1244 4075 1489 4159 quibus
1519 4075 1648 4141 viri
1692 4076 1871 4141 docti
1918 4096 1991 4142 se
2033 4082 2348 4154 tueantur,
2396 4080 2513 4139 aut
2554 4094 2695 4143 sun·

494 4168 694 4251 Poeta
721 4186 890 4249 esse,
917 4177 1034 4238 aut
1057 4176 1405 4259 perspicue
1445 4174 1791 4245 mendosa.
1882 4176 2043 4245 Meo
2084 4176 2554 4265 qualicumque
2586 4176 2703 4264 ju·
