<?xml version="1.0" encoding="UTF-8"?>
<!DOCTYPE html PUBLIC "-//W3C//DTD XHTML 1.0 Transitional//EN"
    "http://www.w3.org/TR/xhtml1/DTD/xhtml1-transitional.dtd">
<html xmlns="http://www.w3.org/1999/xhtml" xml:lang="en" lang="en">
 <head>
  <title>
</title>
<meta http-equiv="Content-Type" content="text/html;charset=utf-8" />
  <meta name='ocr-system' content='tesseract 3.04.00' />
  <meta name='ocr-capabilities' content='ocr_page ocr_carea ocr_par ocr_line ocrx_word'/>
</head>
<body>
  <div class='ocr_page' id='page_1' title='image "./djuniijuvenalis06persgoog_0090.png"; bbox 0 0 2975 4800; ppageno 0'>
   <div class='ocr_carea' id='block_1_1' title="bbox 477 303 1797 376">
    <p class='ocr_par' dir='ltr' id='par_1_1' title="bbox 477 303 1797 376">
     <span class='ocr_line' id='line_1_1' title="bbox 477 303 1797 376; baseline 0 -8"><span class='ocrx_word' id='word_1_1' title='bbox 477 303 612 376; x_wconf 74' lang='lat'>628</span> <span class='ocrx_word' id='word_1_2' title='bbox 1395 317 1797 368; x_wconf 73' lang='lat' dir='ltr'>nxcunsus</span> 
     </span>
    </p>
   </div>
   <div class='ocr_carea' id='block_1_2' title="bbox 481 459 2753 1360">
    <p class='ocr_par' dir='ltr' id='par_1_2' title="bbox 481 459 2753 1360">
     <span class='ocr_line' id='line_1_2' title="bbox 483 459 2753 552; baseline -0.006 -18"><span class='ocrx_word' id='word_1_3' title='bbox 483 469 666 534; x_wconf 62' lang='lat' dir='ltr'>Instar.</span> <span class='ocrx_word' id='word_1_4' title='bbox 687 467 809 534; x_wconf 64' lang='lat' dir='ltr'>vit„</span> <span class='ocrx_word' id='word_1_5' title='bbox 835 463 1150 552; x_wconf 77' lang='lat' dir='ltr'>Apollon-</span> <span class='ocrx_word' id='word_1_6' title='bbox 1185 478 1286 528; x_wconf 80' lang='lat' dir='ltr'>lv.</span> <span class='ocrx_word' id='word_1_7' title='bbox 1335 465 1406 528; x_wconf 78' lang='lat' dir='ltr'>et</span> <span class='ocrx_word' id='word_1_8' title='bbox 1454 461 1754 526; x_wconf 77' lang='lat' dir='ltr'>Martial.</span> <span class='ocrx_word' id='word_1_9' title='bbox 1786 477 1886 524; x_wconf 79' lang='grc' dir='ltr'>ιν.</span> <span class='ocrx_word' id='word_1_10' title='bbox 1916 459 2027 524; x_wconf 83' lang='grc'>55.</span> <span class='ocrx_word' id='word_1_11' title='bbox 2046 459 2113 528; x_wconf 86' lang='grc'>6.</span> <span class='ocrx_word' id='word_1_12' title='bbox 2148 461 2753 544; x_wconf 72' lang='lat' dir='ltr'>7.—poppysmate</span> 
     </span>
     <span class='ocr_line' id='line_1_3' title="bbox 489 560 2747 653; baseline -0.005 -17"><span class='ocrx_word' id='word_1_13' title='bbox 489 569 768 636; x_wconf 84' lang='lat' dir='ltr'>Flavius</span> <span class='ocrx_word' id='word_1_14' title='bbox 792 565 1171 653; x_wconf 78' lang='lat' dir='ltr'>Conjectan.</span> <span class='ocrx_word' id='word_1_15' title='bbox 1201 582 1262 629; x_wconf 88' lang='lat' dir='ltr'>c.</span> <span class='ocrx_word' id='word_1_16' title='bbox 1289 563 1366 628; x_wconf 86' lang='lat'>51</span> <span class='ocrx_word' id='word_1_17' title='bbox 1382 605 1400 622; x_wconf 84' lang='lat'><strong>.</strong></span> <span class='ocrx_word' id='word_1_18' title='bbox 1435 564 1555 628; x_wconf 87' lang='lat' dir='ltr'>ubi</span> <span class='ocrx_word' id='word_1_19' title='bbox 1590 561 1813 640; x_wconf 89' lang='lat' dir='ltr'>docet,</span> <span class='ocrx_word' id='word_1_20' title='bbox 1858 561 2063 626; x_wconf 77' lang='lat' dir='ltr'>verba</span> <span class='ocrx_word' id='word_1_21' title='bbox 2082 579 2423 644; x_wconf 74' lang='lat' dir='ltr'>poppysma</span> <span class='ocrx_word' id='word_1_22' title='bbox 2452 577 2517 624; x_wconf 82' lang='lat' dir='ltr'>s.</span> <span class='ocrx_word' id='word_1_23' title='bbox 2542 560 2747 624; x_wconf 76' lang='lat' dir='ltr'>sibi·</span> 
     </span>
     <span class='ocr_line' id='line_1_4' title="bbox 481 657 2736 749; baseline -0.004 -12"><span class='ocrx_word' id='word_1_24' title='bbox 481 672 641 749; x_wconf 89' lang='lat' dir='ltr'>lum,</span> <span class='ocrx_word' id='word_1_25' title='bbox 671 675 738 736; x_wconf 91' lang='lat' dir='ltr'>et</span> <span class='ocrx_word' id='word_1_26' title='bbox 763 665 1075 732; x_wconf 73' lang='lat' dir='ltr'>labriam</span> <span class='ocrx_word' id='word_1_27' title='bbox 1101 667 1185 732; x_wconf 90' lang='lat' dir='ltr'>de</span> <span class='ocrx_word' id='word_1_28' title='bbox 1205 687 1277 732; x_wconf 85' lang='lat' dir='ltr'>re</span> <span class='ocrx_word' id='word_1_29' title='bbox 1297 667 1623 732; x_wconf 87' lang='lat' dir='ltr'>obscoena</span> <span class='ocrx_word' id='word_1_30' title='bbox 1648 663 1967 741; x_wconf 83' lang='lat' dir='ltr'>adhiberi,</span> <span class='ocrx_word' id='word_1_31' title='bbox 2000 667 2069 725; x_wconf 91' lang='lat' dir='ltr'>et</span> <span class='ocrx_word' id='word_1_32' title='bbox 2102 660 2306 724; x_wconf 83' lang='lat' dir='ltr'>orbem</span> <span class='ocrx_word' id='word_1_33' title='bbox 2349 657 2736 727; x_wconf 74' lang='lat' dir='ltr'>Lacedaem.</span> 
     </span>
     <span class='ocr_line' id='line_1_5' title="bbox 487 763 2737 858; baseline -0.005 -19"><span class='ocrx_word' id='word_1_34' title='bbox 487 793 638 840; x_wconf 85' lang='lat' dir='ltr'>esse</span> <span class='ocrx_word' id='word_1_35' title='bbox 681 778 1170 858; x_wconf 72' lang='lat' dir='ltr'>praeposteram</span> <span class='ocrx_word' id='word_1_36' title='bbox 1213 769 1561 845; x_wconf 81' lang='lat' dir='ltr'>Venerem,</span> <span class='ocrx_word' id='word_1_37' title='bbox 1613 765 1931 849; x_wconf 83' lang='lat' dir='ltr'>quoniam</span> <span class='ocrx_word' id='word_1_38' title='bbox 1986 763 2356 848; x_wconf 76' lang='lat' dir='ltr'>Spartanos</span> <span class='ocrx_word' id='word_1_39' title='bbox 2411 765 2737 847; x_wconf 85' lang='lat' dir='ltr'>primum</span> 
     </span>
     <span class='ocr_line' id='line_1_6' title="bbox 487 865 2733 954; baseline -0.004 -14"><span class='ocrx_word' id='word_1_40' title='bbox 487 874 578 941; x_wconf 89' lang='lat' dir='ltr'>ad</span> <span class='ocrx_word' id='word_1_41' title='bbox 603 875 986 940; x_wconf 77' lang='lat' dir='ltr'><strong>athleticam</strong></span> <span class='ocrx_word' id='word_1_42' title='bbox 1011 872 1302 937; x_wconf 83' lang='lat' dir='ltr'>nudasse</span> <span class='ocrx_word' id='word_1_43' title='bbox 1331 887 1638 954; x_wconf 89' lang='lat' dir='ltr'>corpora,</span> <span class='ocrx_word' id='word_1_44' title='bbox 1670 871 1738 932; x_wconf 88' lang='lat' dir='ltr'>et</span> <span class='ocrx_word' id='word_1_45' title='bbox 1766 865 1919 931; x_wconf 89' lang='lat' dir='ltr'>inde</span> <span class='ocrx_word' id='word_1_46' title='bbox 1968 865 2309 931; x_wconf 81' lang='lat' dir='ltr'><strong>libidinem</strong></span> <span class='ocrx_word' id='word_1_47' title='bbox 2354 865 2427 928; x_wconf 89' lang='lat' dir='ltr'>in</span> <span class='ocrx_word' id='word_1_48' title='bbox 2452 884 2733 948; x_wconf 81' lang='lat' dir='ltr'>pueros</span> 
     </span>
     <span class='ocr_line' id='line_1_7' title="bbox 491 965 2729 1056; baseline -0.005 -13"><span class='ocrx_word' id='word_1_49' title='bbox 491 977 846 1054; x_wconf 72' lang='lat' dir='ltr'>exarsisse,</span> <span class='ocrx_word' id='word_1_50' title='bbox 875 974 1133 1040; x_wconf 78' lang='lat' dir='ltr'>tmdant</span> <span class='ocrx_word' id='word_1_51' title='bbox 1171 970 1470 1056; x_wconf 83' lang='lat' dir='ltr'>Thucyd.</span> <span class='ocrx_word' id='word_1_52' title='bbox 1522 975 1591 1035; x_wconf 92' lang='lat' dir='ltr'>et</span> <span class='ocrx_word' id='word_1_53' title='bbox 1636 966 2260 1049; x_wconf 59' lang='lat' dir='ltr'>Cicera—Lipsius</span> <span class='ocrx_word' id='word_1_54' title='bbox 2307 967 2355 1032; x_wconf 81' lang='lat' dir='ltr'>l.</span> <span class='ocrx_word' id='word_1_55' title='bbox 2410 967 2462 1031; x_wconf 89' lang='lat' dir='ltr'>l.</span> <span class='ocrx_word' id='word_1_56' title='bbox 2512 965 2729 1044; x_wconf 83' lang='lat' dir='ltr'>dicit,</span> 
     </span>
     <span class='ocr_line' id='line_1_8' title="bbox 491 1067 2729 1155; baseline -0.006 -11"><span class='ocrx_word' id='word_1_57' title='bbox 491 1075 644 1144; x_wconf 84' lang='lat' dir='ltr'>Jac.</span> <span class='ocrx_word' id='word_1_58' title='bbox 697 1077 966 1143; x_wconf 87' lang='lat' dir='ltr'>Susium</span> <span class='ocrx_word' id='word_1_59' title='bbox 1011 1077 1331 1152; x_wconf 78' lang='lat' dir='ltr'>suasisse,</span> <span class='ocrx_word' id='word_1_60' title='bbox 1375 1079 1452 1139; x_wconf 89' lang='lat' dir='ltr'>ut</span> <span class='ocrx_word' id='word_1_61' title='bbox 1481 1083 1629 1155; x_wconf 72' lang='grc' dir='ltr'>,Ῥω</span> <span class='ocrx_word' id='word_1_62' title='bbox 1681 1068 1889 1134; x_wconf 81' lang='lat' dir='ltr'>orbem</span> <span class='ocrx_word' id='word_1_63' title='bbox 1930 1069 2433 1134; x_wconf 81' lang='lat' dir='ltr'>substitueretur</span> <span class='ocrx_word' id='word_1_64' title='bbox 2459 1067 2729 1146; x_wconf 78' lang='lat' dir='ltr'>orbum,</span> 
     </span>
     <span class='ocr_line' id='line_1_9' title="bbox 491 1169 2729 1254; baseline -0.004 -11"><span class='ocrx_word' id='word_1_65' title='bbox 491 1180 558 1244; x_wconf 88' lang='lat' dir='ltr'>h.</span> <span class='ocrx_word' id='word_1_66' title='bbox 587 1197 648 1244; x_wconf 88' lang='lat' dir='ltr'>e.</span> <span class='ocrx_word' id='word_1_67' title='bbox 680 1197 906 1242; x_wconf 87' lang='lat' dir='ltr'>senem</span> <span class='ocrx_word' id='word_1_68' title='bbox 931 1177 1187 1254; x_wconf 88' lang='lat' dir='ltr'>orbum,</span> <span class='ocrx_word' id='word_1_69' title='bbox 1217 1173 1487 1239; x_wconf 77' lang='lat' dir='ltr'>divitem</span> <span class='ocrx_word' id='word_1_70' title='bbox 1540 1191 1627 1236; x_wconf 90' lang='lat' dir='ltr'>ac</span> <span class='ocrx_word' id='word_1_71' title='bbox 1664 1170 1941 1248; x_wconf 83' lang='lat' dir='ltr'>foedum,</span> <span class='ocrx_word' id='word_1_72' title='bbox 1981 1171 2096 1253; x_wconf 88' lang='lat' dir='ltr'>qui</span> <span class='ocrx_word' id='word_1_73' title='bbox 2134 1171 2365 1234; x_wconf 88' lang='lat' dir='ltr'>nescio</span> <span class='ocrx_word' id='word_1_74' title='bbox 2395 1169 2562 1254; x_wconf 90' lang='lat' dir='ltr'>quid</span> <span class='ocrx_word' id='word_1_75' title='bbox 2588 1170 2729 1234; x_wconf 87' lang='lat' dir='ltr'>ob-</span> 
     </span>
     <span class='ocr_line' id='line_1_10' title="bbox 494 1269 2719 1360; baseline -0.004 -14"><span class='ocrx_word' id='word_1_76' title='bbox 494 1280 711 1346; x_wconf 86' lang='lat' dir='ltr'>scoeni</span> <span class='ocrx_word' id='word_1_77' title='bbox 727 1345 736 1354; x_wconf 78' lang='grc'><em>,</em></span> <span class='ocrx_word' id='word_1_78' title='bbox 750 1279 982 1346; x_wconf 86' lang='lat' dir='ltr'>fecerit</span> <span class='ocrx_word' id='word_1_79' title='bbox 1018 1278 1128 1345; x_wconf 81' lang='lat' dir='ltr'>vel</span> <span class='ocrx_word' id='word_1_80' title='bbox 1167 1277 1396 1360; x_wconf 88' lang='lat' dir='ltr'>potius</span> <span class='ocrx_word' id='word_1_81' title='bbox 1415 1273 1684 1358; x_wconf 84' lang='lat' dir='ltr'>&#39;passus</span> <span class='ocrx_word' id='word_1_82' title='bbox 1728 1269 2138 1338; x_wconf 83' lang='lat' dir='ltr'>sit.-urbem</span> <span class='ocrx_word' id='word_1_83' title='bbox 2184 1272 2429 1354; x_wconf 80' lang='lat' dir='ltr'>legitur</span> <span class='ocrx_word' id='word_1_84' title='bbox 2455 1271 2529 1336; x_wconf 92' lang='lat' dir='ltr'>in</span> <span class='ocrx_word' id='word_1_85' title='bbox 2554 1269 2675 1336; x_wconf 58' lang='lat'>23.</span> <span class='ocrx_word' id='word_1_86' title='bbox 2696 1291 2719 1336; x_wconf 71' lang='grc' dir='ltr'>ε</span> 
     </span>
    </p>
   </div>
   <div class='ocr_carea' id='block_1_3' title="bbox 491 1386 874 1470">
    <p class='ocr_par' dir='ltr' id='par_1_3' title="bbox 491 1386 874 1470">
     <span class='ocr_line' id='line_1_11' title="bbox 491 1386 874 1470; baseline 0 -20"><span class='ocrx_word' id='word_1_87' title='bbox 491 1386 736 1470; x_wconf 86' lang='lat' dir='ltr'>inepte.</span> <span class='ocrx_word' id='word_1_88' title='bbox 867 1451 874 1456; x_wconf 82' lang='grc'><strong>,</strong></span> 
     </span>
    </p>
   </div>
   <div class='ocr_carea' id='block_1_4' title="bbox 1327 1603 1902 1628">
    <p class='ocr_par' dir='ltr' id='par_1_4' title="bbox 1327 1603 1902 1628">
     <span class='ocr_line' id='line_1_12' title="bbox 1327 1603 1902 1628; baseline 0 3172"><span class='ocrx_word' id='word_1_89' title='bbox 1327 1603 1902 1628; x_wconf 95' lang='lat' dir='ltr'> </span> 
     </span>
    </p>
   </div>
   <div class='ocr_carea' id='block_1_5' title="bbox 1183 1827 2049 1936">
    <p class='ocr_par' dir='ltr' id='par_1_5' title="bbox 1183 1827 2049 1936">
     <span class='ocr_line' id='line_1_13' title="bbox 1183 1827 2049 1936; baseline -0.008 -26"><span class='ocrx_word' id='word_1_90' title='bbox 1183 1827 2049 1936; x_wconf 72' lang='lat' dir='ltr'>Excunsns</span> 
     </span>
    </p>
   </div>
   <div class='ocr_carea' id='block_1_6' title="bbox 1315 2041 1877 2100">
    <p class='ocr_par' dir='ltr' id='par_1_6' title="bbox 1315 2041 1877 2100">
     <span class='ocr_line' id='line_1_14' title="bbox 1315 2041 1877 2100; baseline -0.012 0"><span class='ocrx_word' id='word_1_91' title='bbox 1315 2044 1422 2100; x_wconf 73' lang='lat' dir='ltr'>AD</span> <span class='ocrx_word' id='word_1_92' title='bbox 1457 2043 1603 2096; x_wconf 72' lang='grc' dir='ltr'><strong>ΕΔΤ.</strong></span> <span class='ocrx_word' id='word_1_93' title='bbox 1636 2041 1739 2093; x_wconf 85' lang='lat' dir='ltr'>x1.</span> <span class='ocrx_word' id='word_1_94' title='bbox 1765 2045 1877 2093; x_wconf 70' lang='lat'>19⁸.</span> 
     </span>
    </p>
   </div>
   <div class='ocr_carea' id='block_1_7' title="bbox 507 2189 2709 4225">
    <p class='ocr_par' dir='ltr' id='par_1_7' title="bbox 507 2189 2709 4225">
     <span class='ocr_line' id='line_1_15' title="bbox 597 2189 2709 2289; baseline 0 -13"><span class='ocrx_word' id='word_1_95' title='bbox 597 2205 830 2276; x_wconf 79' lang='lat' dir='ltr'>Praeda</span> <span class='ocrx_word' id='word_1_96' title='bbox 858 2189 1242 2270; x_wconf 71' lang='lat' dir='ltr'>caballorum</span> <span class='ocrx_word' id='word_1_97' title='bbox 1277 2197 1533 2266; x_wconf 81' lang='lat' dir='ltr'>Praetor</span> <span class='ocrx_word' id='word_1_98' title='bbox 1558 2205 1801 2289; x_wconf 81' lang='lat' dir='ltr'>leg-itur</span> <span class='ocrx_word' id='word_1_99' title='bbox 1850 2205 1920 2270; x_wconf 88' lang='lat' dir='ltr'>in</span> <span class='ocrx_word' id='word_1_100' title='bbox 1948 2205 2012 2270; x_wconf 97' lang='grc'>1.</span> <span class='ocrx_word' id='word_1_101' title='bbox 2037 2202 2146 2271; x_wconf 93' lang='grc'>11.</span> <span class='ocrx_word' id='word_1_102' title='bbox 2192 2197 2300 2272; x_wconf 67' lang='grc'>14.</span> <span class='ocrx_word' id='word_1_103' title='bbox 2328 2199 2436 2273; x_wconf 82' lang='grc'>16.</span> <span class='ocrx_word' id='word_1_104' title='bbox 2462 2209 2571 2275; x_wconf 82' lang='grc'>48.</span> <span class='ocrx_word' id='word_1_105' title='bbox 2600 2205 2709 2276; x_wconf 81' lang='grc' dir='ltr'>5οι</span> 
     </span>
     <span class='ocr_line' id='line_1_16' title="bbox 509 2307 2706 2392; baseline -0.002 -12"><span class='ocrx_word' id='word_1_106' title='bbox 509 2315 616 2380; x_wconf 84' lang='grc'>56.</span> <span class='ocrx_word' id='word_1_107' title='bbox 672 2311 780 2376; x_wconf 83' lang='lat'><strong>¹70.</strong></span> <span class='ocrx_word' id='word_1_108' title='bbox 831 2307 1056 2374; x_wconf 79' lang='lat'>74—77.</span> <span class='ocrx_word' id='word_1_109' title='bbox 1109 2310 1176 2371; x_wconf 90' lang='lat' dir='ltr'>et</span> <span class='ocrx_word' id='word_1_110' title='bbox 1215 2308 1352 2368; x_wconf 84' lang='lat' dir='ltr'>tam</span> <span class='ocrx_word' id='word_1_111' title='bbox 1403 2307 1681 2389; x_wconf 88' lang='lat' dir='ltr'>copiose</span> <span class='ocrx_word' id='word_1_112' title='bbox 1719 2327 1920 2392; x_wconf 86' lang='lat' dir='ltr'>quam</span> <span class='ocrx_word' id='word_1_113' title='bbox 1966 2308 2219 2374; x_wconf 85' lang='lat' dir='ltr'>erudite</span> <span class='ocrx_word' id='word_1_114' title='bbox 2257 2308 2619 2376; x_wconf 85' lang='lat' dir='ltr'>defenditur</span> <span class='ocrx_word' id='word_1_115' title='bbox 2636 2329 2706 2376; x_wconf 82' lang='lat' dir='ltr'>·a</span> 
     </span>
     <span class='ocr_line' id='line_1_17' title="bbox 509 2407 2705 2496; baseline -0.002 -14"><span class='ocrx_word' id='word_1_116' title='bbox 509 2415 812 2482; x_wconf 82' lang='lat' dir='ltr'>Gronov.</span> <span class='ocrx_word' id='word_1_117' title='bbox 863 2409 1064 2475; x_wconf 85' lang='lat' dir='ltr'>Obss.</span> <span class='ocrx_word' id='word_1_118' title='bbox 1109 2422 1212 2471; x_wconf 76' lang='lat' dir='ltr'>iv.</span> <span class='ocrx_word' id='word_1_119' title='bbox 1258 2407 1368 2471; x_wconf 77' lang='lat'>24.</span> <span class='ocrx_word' id='word_1_120' title='bbox 1409 2409 1529 2473; x_wconf 84' lang='lat' dir='ltr'>ubi</span> <span class='ocrx_word' id='word_1_121' title='bbox 1576 2415 1826 2489; x_wconf 90' lang='lat' dir='ltr'>monet,</span> <span class='ocrx_word' id='word_1_122' title='bbox 1870 2411 2113 2477; x_wconf 74' lang='lat' dir='ltr'>aoerbo</span> <span class='ocrx_word' id='word_1_123' title='bbox 2163 2412 2305 2477; x_wconf 84' lang='lat' dir='ltr'>sale</span> <span class='ocrx_word' id='word_1_124' title='bbox 2358 2414 2705 2496; x_wconf 75' lang='lat' dir='ltr'>perstringi</span> 
     </span>
     <span class='ocr_line' id='line_1_18' title="bbox 507 2508 2701 2598; baseline -0.002 -15"><span class='ocrx_word' id='word_1_125' title='bbox 507 2514 967 2591; x_wconf 81' lang='lat' dir='ltr'>munerarium,</span> <span class='ocrx_word' id='word_1_126' title='bbox 1013 2510 1132 2595; x_wconf 85' lang='lat' dir='ltr'>qui</span> <span class='ocrx_word' id='word_1_127' title='bbox 1179 2509 1338 2573; x_wconf 88' lang='lat' dir='ltr'>dum</span> <span class='ocrx_word' id='word_1_128' title='bbox 1375 2508 1843 2595; x_wconf 84' lang='lat' dir='ltr'>triumphantis</span> <span class='ocrx_word' id='word_1_129' title='bbox 1888 2513 2020 2577; x_wconf 82' lang='lat' dir='ltr'>ritu</span> <span class='ocrx_word' id='word_1_130' title='bbox 2055 2511 2423 2598; x_wconf 87' lang='lat' dir='ltr'>habituque</span> <span class='ocrx_word' id='word_1_131' title='bbox 2470 2516 2701 2597; x_wconf 69' lang='lat' dir='ltr'>praesi-</span> 
     </span>
     <span class='ocr_line' id='line_1_19' title="bbox 509 2613 2701 2697; baseline -0.002 -13"><span class='ocrx_word' id='word_1_132' title='bbox 509 2618 666 2684; x_wconf 87' lang='lat' dir='ltr'>deat</span> <span class='ocrx_word' id='word_1_133' title='bbox 711 2614 1166 2691; x_wconf 80' lang='lat' dir='ltr'>Circensibus,</span> <span class='ocrx_word' id='word_1_134' title='bbox 1209 2630 1525 2695; x_wconf 73' lang='lat' dir='ltr'>magnum</span> <span class='ocrx_word' id='word_1_135' title='bbox 1570 2632 1645 2677; x_wconf 90' lang='lat' dir='ltr'>se</span> <span class='ocrx_word' id='word_1_136' title='bbox 1672 2613 1891 2678; x_wconf 77' lang='lat' dir='ltr'>virum</span> <span class='ocrx_word' id='word_1_137' title='bbox 1916 2618 2126 2697; x_wconf 85' lang='lat' dir='ltr'>putet,</span> <span class='ocrx_word' id='word_1_138' title='bbox 2152 2632 2305 2679; x_wconf 89' lang='lat' dir='ltr'>cum</span> <span class='ocrx_word' id='word_1_139' title='bbox 2332 2634 2403 2678; x_wconf 92' lang='lat' dir='ltr'>re</span> <span class='ocrx_word' id='word_1_140' title='bbox 2426 2634 2589 2679; x_wconf 80' lang='lat' dir='ltr'>vera</span> <span class='ocrx_word' id='word_1_141' title='bbox 2612 2616 2701 2681; x_wconf 80' lang='lat' dir='ltr'>sit</span> 
     </span>
     <span class='ocr_line' id='line_1_20' title="bbox 509 2712 2698 2801; baseline -0.002 -14"><span class='ocrx_word' id='word_1_142' title='bbox 509 2714 896 2787; x_wconf 76' lang='lat' dir='ltr'>caballorum</span> <span class='ocrx_word' id='word_1_143' title='bbox 923 2712 1156 2798; x_wconf 76' lang='lat' dir='ltr'>prada,</span> <span class='ocrx_word' id='word_1_144' title='bbox 1184 2712 1252 2776; x_wconf 88' lang='lat' dir='ltr'>h.</span> <span class='ocrx_word' id='word_1_145' title='bbox 1297 2732 1356 2777; x_wconf 87' lang='lat' dir='ltr'>e.</span> <span class='ocrx_word' id='word_1_146' title='bbox 1399 2712 1685 2795; x_wconf 80' lang='lat' dir='ltr'>prodiga</span> <span class='ocrx_word' id='word_1_147' title='bbox 1708 2714 1825 2778; x_wconf 86' lang='lat' dir='ltr'>illa</span> <span class='ocrx_word' id='word_1_148' title='bbox 1864 2716 2171 2797; x_wconf 78' lang='lat' dir='ltr'>impensa</span> <span class='ocrx_word' id='word_1_149' title='bbox 2218 2716 2287 2779; x_wconf 86' lang='lat' dir='ltr'>in</span> <span class='ocrx_word' id='word_1_150' title='bbox 2312 2717 2507 2801; x_wconf 79' lang='lat' dir='ltr'>equis</span> <span class='ocrx_word' id='word_1_151' title='bbox 2534 2718 2698 2783; x_wconf 77' lang='lat' dir='ltr'>auii-</span> 
     </span>
     <span class='ocr_line' id='line_1_21' title="bbox 507 2812 2695 2904; baseline 0.001 -22"><span class='ocrx_word' id='word_1_152' title='bbox 507 2822 740 2904; x_wconf 77' lang='lat' dir='ltr'>gisque</span> <span class='ocrx_word' id='word_1_153' title='bbox 783 2814 1058 2892; x_wconf 85' lang='lat' dir='ltr'>alendis,</span> <span class='ocrx_word' id='word_1_154' title='bbox 1097 2812 1506 2890; x_wconf 83' lang='lat' dir='ltr'>exercendis,</span> <span class='ocrx_word' id='word_1_155' title='bbox 1556 2812 2023 2895; x_wconf 84' lang='lat' dir='ltr'>producendis,</span> <span class='ocrx_word' id='word_1_156' title='bbox 2060 2816 2447 2883; x_wconf 87' lang='lat' dir='ltr'>comedatur</span> <span class='ocrx_word' id='word_1_157' title='bbox 2491 2818 2695 2897; x_wconf 84' lang='lat' dir='ltr'>miser,</span> 
     </span>
     <span class='ocr_line' id='line_1_22' title="bbox 509 2913 2691 3005; baseline 0 -22"><span class='ocrx_word' id='word_1_158' title='bbox 509 2918 979 3005; x_wconf 78' lang='lat' dir='ltr'>patrimonium</span> <span class='ocrx_word' id='word_1_159' title='bbox 1012 2913 1362 2979; x_wconf 79' lang='lat' dir='ltr'>exhauriat</span> <span class='ocrx_word' id='word_1_160' title='bbox 1387 2914 1513 2977; x_wconf 86' lang='lat' dir='ltr'>sub</span> <span class='ocrx_word' id='word_1_161' title='bbox 1543 2932 1719 2978; x_wconf 81' lang='lat' dir='ltr'>vana</span> <span class='ocrx_word' id='word_1_162' title='bbox 1749 2917 1975 2999; x_wconf 87' lang='lat' dir='ltr'>specie</span> <span class='ocrx_word' id='word_1_163' title='bbox 2000 2917 2291 2996; x_wconf 71' lang='lat' dir='ltr'>honor-ie,</span> <span class='ocrx_word' id='word_1_164' title='bbox 2321 2924 2389 2983; x_wconf 91' lang='lat' dir='ltr'>et</span> <span class='ocrx_word' id='word_1_165' title='bbox 2415 2920 2691 2984; x_wconf 50' lang='lat' dir='ltr'>inteieata</span> 
     </span>
     <span class='ocr_line' id='line_1_23' title="bbox 513 3014 2693 3102; baseline 0 -17"><span class='ocrx_word' id='word_1_166' title='bbox 513 3019 618 3086; x_wconf 81' lang='lat' dir='ltr'>Cf.</span> <span class='ocrx_word' id='word_1_167' title='bbox 649 3038 801 3102; x_wconf 88' lang='lat' dir='ltr'>sup.</span> <span class='ocrx_word' id='word_1_168' title='bbox 835 3034 885 3080; x_wconf 81' lang='grc' dir='ltr'><strong>ι.</strong></span> <span class='ocrx_word' id='word_1_169' title='bbox 916 3016 1022 3081; x_wconf 80' lang='grc'>59.</span> <span class='ocrx_word' id='word_1_170' title='bbox 1051 3016 1158 3080; x_wconf 88' lang='grc'>60.</span> <span class='ocrx_word' id='word_1_171' title='bbox 1185 3014 1374 3098; x_wconf 82' lang='lat' dir='ltr'>Lips.</span> <span class='ocrx_word' id='word_1_172' title='bbox 1419 3015 1506 3078; x_wconf 85' lang='lat' dir='ltr'>ad</span> <span class='ocrx_word' id='word_1_173' title='bbox 1553 3014 1726 3082; x_wconf 87' lang='lat' dir='ltr'>Tac.</span> <span class='ocrx_word' id='word_1_174' title='bbox 1778 3016 1957 3083; x_wconf 88' lang='lat' dir='ltr'>Ann.</span> <span class='ocrx_word' id='word_1_175' title='bbox 2012 3036 2062 3081; x_wconf 89' lang='lat'>1.</span> <span class='ocrx_word' id='word_1_176' title='bbox 2094 3021 2203 3085; x_wconf 88' lang='grc'>15.</span> <span class='ocrx_word' id='word_1_177' title='bbox 2248 3026 2315 3083; x_wconf 91' lang='lat' dir='ltr'>et</span> <span class='ocrx_word' id='word_1_178' title='bbox 2358 3018 2587 3085; x_wconf 86' lang='lat' dir='ltr'>Heius.</span> <span class='ocrx_word' id='word_1_179' title='bbox 2612 3020 2693 3085; x_wconf 82' lang='lat' dir='ltr'>ad</span> 
     </span>
     <span class='ocr_line' id='line_1_24' title="bbox 513 3118 2689 3204; baseline -0.001 -16"><span class='ocrx_word' id='word_1_180' title='bbox 513 3120 860 3188; x_wconf 75' lang='lat' dir='ltr'>claudian.</span> <span class='ocrx_word' id='word_1_181' title='bbox 886 3118 1208 3183; x_wconf 88' lang='lat' dir='ltr'>Fescenn.</span> <span class='ocrx_word' id='word_1_182' title='bbox 1233 3134 1336 3182; x_wconf 89' lang='lat' dir='ltr'>vs.</span> <span class='ocrx_word' id='word_1_183' title='bbox 1355 3118 1462 3183; x_wconf 94' lang='grc'>11.</span> <span class='ocrx_word' id='word_1_184' title='bbox 1536 3118 1892 3201; x_wconf 81' lang='lat' dir='ltr'>Ingeniosa</span> <span class='ocrx_word' id='word_1_185' title='bbox 1908 3120 2213 3203; x_wconf 80' lang='lat' dir='ltr'>profecto</span> <span class='ocrx_word' id='word_1_186' title='bbox 2238 3121 2689 3204; x_wconf 78' lang='lat' dir='ltr'>interpretatio,</span> 
     </span>
     <span class='ocr_line' id='line_1_25' title="bbox 515 3218 2689 3308; baseline -0 -20"><span class='ocrx_word' id='word_1_187' title='bbox 515 3243 670 3308; x_wconf 80' lang='lat' dir='ltr'>quae</span> <span class='ocrx_word' id='word_1_188' title='bbox 698 3228 916 3287; x_wconf 88' lang='lat' dir='ltr'>tamen</span> <span class='ocrx_word' id='word_1_189' title='bbox 954 3220 1155 3305; x_wconf 87' lang='lat' dir='ltr'>paulo</span> <span class='ocrx_word' id='word_1_190' title='bbox 1197 3218 1456 3302; x_wconf 80' lang='lat' dir='ltr'>longius</span> <span class='ocrx_word' id='word_1_191' title='bbox 1480 3219 1691 3303; x_wconf 87' lang='lat' dir='ltr'>petita</span> <span class='ocrx_word' id='word_1_192' title='bbox 1730 3220 1941 3285; x_wconf 85' lang='lat' dir='ltr'>videri</span> <span class='ocrx_word' id='word_1_193' title='bbox 1982 3224 2219 3304; x_wconf 83' lang='lat' dir='ltr'>possit.</span> <span class='ocrx_word' id='word_1_194' title='bbox 2310 3221 2497 3287; x_wconf 82' lang='lat' dir='ltr'>Male</span> <span class='ocrx_word' id='word_1_195' title='bbox 2524 3228 2689 3287; x_wconf 81' lang='lat' dir='ltr'>vetus</span> 
     </span>
     <span class='ocr_line' id='line_1_26' title="bbox 516 3318 2689 3405; baseline -0.001 -14"><span class='ocrx_word' id='word_1_196' title='bbox 516 3324 742 3391; x_wconf 85' lang='lat' dir='ltr'>Schol.</span> <span class='ocrx_word' id='word_1_197' title='bbox 833 3327 855 3357; x_wconf 88' lang='lat'>‘</span> <span class='ocrx_word' id='word_1_198' title='bbox 891 3318 1118 3385; x_wconf 81' lang='lat' dir='ltr'>Praeda</span> <span class='ocrx_word' id='word_1_199' title='bbox 1139 3319 1543 3401; x_wconf 78' lang='lat' dir='ltr'>caballorum,</span> <span class='ocrx_word' id='word_1_200' title='bbox 1566 3340 1839 3405; x_wconf 86' lang='lat' dir='ltr'>pompa.</span> <span class='ocrx_word' id='word_1_201' title='bbox 1884 3360 1917 3397; x_wconf 58' lang='lat'>0</span> <span class='ocrx_word' id='word_1_202' title='bbox 1930 3320 2267 3400; x_wconf 80' lang='lat' dir='ltr'>Quoniam</span> <span class='ocrx_word' id='word_1_203' title='bbox 2292 3322 2689 3389; x_wconf 83' lang='lat' dir='ltr'>Circensibus</span> 
     </span>
     <span class='ocr_line' id='line_1_27' title="bbox 515 3423 2689 3509; baseline -0.001 -16"><span class='ocrx_word' id='word_1_204' title='bbox 515 3427 672 3505; x_wconf 89' lang='lat' dir='ltr'>illis,</span> <span class='ocrx_word' id='word_1_205' title='bbox 703 3443 872 3509; x_wconf 88' lang='lat' dir='ltr'>quos</span> <span class='ocrx_word' id='word_1_206' title='bbox 914 3424 1248 3489; x_wconf 77' lang='lat' dir='ltr'>Praetores</span> <span class='ocrx_word' id='word_1_207' title='bbox 1287 3423 1511 3500; x_wconf 82' lang='lat' dir='ltr'>edunt,</span> <span class='ocrx_word' id='word_1_208' title='bbox 1553 3441 1725 3488; x_wconf 86' lang='lat' dir='ltr'>unus</span> <span class='ocrx_word' id='word_1_209' title='bbox 1774 3428 1879 3488; x_wconf 85' lang='lat' dir='ltr'>est</span> <span class='ocrx_word' id='word_1_210' title='bbox 1918 3424 2195 3503; x_wconf 81' lang='lat' dir='ltr'>missus,</span> <span class='ocrx_word' id='word_1_211' title='bbox 2245 3426 2367 3509; x_wconf 90' lang='lat' dir='ltr'>qui</span> <span class='ocrx_word' id='word_1_212' title='bbox 2399 3423 2689 3491; x_wconf 75' lang='lat' dir='ltr'>ordearim</span> 
     </span>
     <span class='ocr_line' id='line_1_28' title="bbox 514 3521 2687 3616; baseline -0.001 -23"><span class='ocrx_word' id='word_1_213' title='bbox 514 3526 680 3616; x_wconf 87' lang='lat' dir='ltr'>(non</span> <span class='ocrx_word' id='word_1_214' title='bbox 701 3522 1086 3607; x_wconf 73' lang='lat' dir='ltr'>ordinarius)</span> <span class='ocrx_word' id='word_1_215' title='bbox 1105 3524 1374 3604; x_wconf 79' lang='lat' dir='ltr'>dicitur3</span> <span class='ocrx_word' id='word_1_216' title='bbox 1405 3524 1559 3588; x_wconf 90' lang='lat' dir='ltr'>ideo</span> <span class='ocrx_word' id='word_1_217' title='bbox 1574 3521 1789 3608; x_wconf 81' lang='lat' dir='ltr'>praeda</span> <span class='ocrx_word' id='word_1_218' title='bbox 1802 3522 2215 3605; x_wconf 77' lang='lat' dir='ltr'>caballorum,</span> <span class='ocrx_word' id='word_1_219' title='bbox 2244 3530 2403 3610; x_wconf 84' lang='lat' dir='ltr'>quia</span> <span class='ocrx_word' id='word_1_220' title='bbox 2428 3526 2687 3591; x_wconf 70' lang='lat' dir='ltr'>hordeum</span> 
     </span>
     <span class='ocr_line' id='line_1_29' title="bbox 517 3626 2683 3719; baseline -0.002 -20"><span class='ocrx_word' id='word_1_221' title='bbox 517 3652 641 3719; x_wconf 84' lang='lat' dir='ltr'>pro</span> <span class='ocrx_word' id='word_1_222' title='bbox 670 3632 784 3697; x_wconf 91' lang='lat' dir='ltr'>illo</span> <span class='ocrx_word' id='word_1_223' title='bbox 814 3628 920 3693; x_wconf 80' lang='lat' dir='ltr'>die</span> <span class='ocrx_word' id='word_1_224' title='bbox 949 3629 1202 3709; x_wconf 79' lang='lat' dir='ltr'>aurigae</span> <span class='ocrx_word' id='word_1_225' title='bbox 1229 3626 1462 3691; x_wconf 81' lang='lat' dir='ltr'>tollunt</span> <span class='ocrx_word' id='word_1_226' title='bbox 1498 3644 1858 3710; x_wconf 78' lang='lat' dir='ltr'>equorum3</span> <span class='ocrx_word' id='word_1_227' title='bbox 1920 3634 2036 3693; x_wconf 87' lang='lat' dir='ltr'>aut</span> <span class='ocrx_word' id='word_1_228' title='bbox 2074 3628 2227 3695; x_wconf 89' lang='lat' dir='ltr'>ideo</span> <span class='ocrx_word' id='word_1_229' title='bbox 2264 3628 2481 3715; x_wconf 71' lang='lat' dir='ltr'>prada</span> <span class='ocrx_word' id='word_1_230' title='bbox 2518 3630 2683 3709; x_wconf 83' lang='lat' dir='ltr'>dixit,</span> 
     </span>
     <span class='ocr_line' id='line_1_30' title="bbox 519 3728 2681 3817; baseline -0.001 -19"><span class='ocrx_word' id='word_1_231' title='bbox 519 3736 836 3817; x_wconf 82' lang='lat' dir='ltr'>quoniam</span> <span class='ocrx_word' id='word_1_232' title='bbox 857 3731 1042 3796; x_wconf 90' lang='lat' dir='ltr'>multi</span> <span class='ocrx_word' id='word_1_233' title='bbox 1081 3728 1234 3812; x_wconf 91' lang='lat' dir='ltr'>equi</span> <span class='ocrx_word' id='word_1_234' title='bbox 1285 3728 1745 3811; x_wconf 81' lang='lat' dir='ltr'>frangebantur</span> <span class='ocrx_word' id='word_1_235' title='bbox 1777 3729 2019 3797; x_wconf 86' lang='lat' dir='ltr'>iisdem</span> <span class='ocrx_word' id='word_1_236' title='bbox 2058 3730 2521 3797; x_wconf 68' lang='lat' dir='ltr'>Circensibus!</span> <span class='ocrx_word' id='word_1_237' title='bbox 2590 3730 2681 3795; x_wconf 81' lang='lat' dir='ltr'>Cf.</span> 
     </span>
     <span class='ocr_line' id='line_1_31' title="bbox 523 3828 2683 3915; baseline -0.001 -17"><span class='ocrx_word' id='word_1_238' title='bbox 523 3834 848 3900; x_wconf 83' lang='lat' dir='ltr'>Savaron.</span> <span class='ocrx_word' id='word_1_239' title='bbox 875 3834 964 3899; x_wconf 89' lang='lat' dir='ltr'>ad</span> <span class='ocrx_word' id='word_1_240' title='bbox 995 3830 1370 3915; x_wconf 79' lang='lat' dir='ltr'>Apollinar.</span> <span class='ocrx_word' id='word_1_241' title='bbox 1401 3849 1469 3912; x_wconf 89' lang='lat' dir='ltr'>p.</span> <span class='ocrx_word' id='word_1_242' title='bbox 1512 3828 1987 3897; x_wconf 76' lang='lat' dir='ltr'>406.-Praedo</span> <span class='ocrx_word' id='word_1_243' title='bbox 2036 3832 2419 3897; x_wconf 81' lang='lat' dir='ltr'>caballorum</span> <span class='ocrx_word' id='word_1_244' title='bbox 2466 3830 2683 3897; x_wconf 74' lang='lat' dir='ltr'>Praelor</span> 
     </span>
     <span class='ocr_line' id='line_1_32' title="bbox 521 3932 2679 4001; baseline 0.001 -2"><span class='ocrx_word' id='word_1_245' title='bbox 521 3934 833 4001; x_wconf 84' lang='lat' dir='ltr'>exhibent</span> <span class='ocrx_word' id='word_1_246' title='bbox 875 3936 981 3999; x_wconf 90' lang='lat'>10.</span> <span class='ocrx_word' id='word_1_247' title='bbox 1009 3934 1112 3999; x_wconf 83' lang='lat'>12.</span> <span class='ocrx_word' id='word_1_248' title='bbox 1144 3934 1252 3997; x_wconf 88' lang='grc'>15.</span> <span class='ocrx_word' id='word_1_249' title='bbox 1273 3932 1498 3997; x_wconf 71' lang='grc'><strong>17-27.</strong></span> <span class='ocrx_word' id='word_1_250' title='bbox 1526 3932 1755 3997; x_wconf 75' lang='grc'><strong>45-47.</strong></span> <span class='ocrx_word' id='word_1_251' title='bbox 1800 3934 1911 3997; x_wconf 87' lang='grc'>49.</span> <span class='ocrx_word' id='word_1_252' title='bbox 1956 3934 2063 3999; x_wconf 78' lang='grc'>54.</span> <span class='ocrx_word' id='word_1_253' title='bbox 2094 3937 2197 4001; x_wconf 88' lang='grc'>55.</span> <span class='ocrx_word' id='word_1_254' title='bbox 2244 3936 2471 4001; x_wconf 83' lang='grc'><strong>57-69.</strong></span> <span class='ocrx_word' id='word_1_255' title='bbox 2492 3934 2679 4001; x_wconf 53' lang='grc'><strong>7173.</strong></span> 
     </span>
     <span class='ocr_line' id='line_1_33' title="bbox 523 4032 2679 4121; baseline -0 -20"><span class='ocrx_word' id='word_1_256' title='bbox 523 4038 714 4120; x_wconf 87' lang='lat' dir='ltr'>prob.</span> <span class='ocrx_word' id='word_1_257' title='bbox 743 4036 937 4103; x_wconf 86' lang='lat' dir='ltr'>Grot.</span> <span class='ocrx_word' id='word_1_258' title='bbox 967 4038 1052 4101; x_wconf 89' lang='lat' dir='ltr'>ad</span> <span class='ocrx_word' id='word_1_259' title='bbox 1083 4034 1430 4121; x_wconf 85' lang='lat' dir='ltr'>Capellam</span> <span class='ocrx_word' id='word_1_260' title='bbox 1458 4053 1531 4117; x_wconf 85' lang='lat' dir='ltr'>p.</span> <span class='ocrx_word' id='word_1_261' title='bbox 1561 4035 1713 4099; x_wconf 80' lang='grc'><strong>174.</strong></span> <span class='ocrx_word' id='word_1_262' title='bbox 1779 4034 2125 4115; x_wconf 90' lang='lat' dir='ltr'>Nonnulli,</span> <span class='ocrx_word' id='word_1_263' title='bbox 2158 4058 2224 4104; x_wconf 84' lang='lat' dir='ltr'>v.</span> <span class='ocrx_word' id='word_1_264' title='bbox 2262 4058 2325 4104; x_wconf 88' lang='lat' dir='ltr'>c.</span> <span class='ocrx_word' id='word_1_265' title='bbox 2378 4036 2588 4103; x_wconf 84' lang='lat' dir='ltr'>Schol.</span> <span class='ocrx_word' id='word_1_266' title='bbox 2622 4032 2679 4100; x_wconf 78' lang='lat' dir='ltr'>i‘n</span> 
     </span>
     <span class='ocr_line' id='line_1_34' title="bbox 523 4135 2705 4225; baseline -0 -20"><span class='ocrx_word' id='word_1_267' title='bbox 523 4137 675 4205; x_wconf 81' lang='lat' dir='ltr'>cod.</span> <span class='ocrx_word' id='word_1_268' title='bbox 693 4135 740 4204; x_wconf 84' lang='lat' dir='ltr'><strong>J</strong></span> <span class='ocrx_word' id='word_1_269' title='bbox 743 4137 904 4218; x_wconf 89' lang='lat' dir='ltr'>unii,</span> <span class='ocrx_word' id='word_1_270' title='bbox 933 4137 1298 4207; x_wconf 73' lang='lat' dir='ltr'>Praetorem</span> <span class='ocrx_word' id='word_1_271' title='bbox 1339 4138 1440 4205; x_wconf 77' lang='lat' dir='ltr'>ita</span> <span class='ocrx_word' id='word_1_272' title='bbox 1484 4135 1624 4205; x_wconf 83' lang='lat' dir='ltr'>dici</span> <span class='ocrx_word' id='word_1_273' title='bbox 1664 4142 1907 4221; x_wconf 85' lang='lat' dir='ltr'>putant</span> <span class='ocrx_word' id='word_1_274' title='bbox 1930 4144 2197 4225; x_wconf 84' lang='lat' dir='ltr'>propter</span> <span class='ocrx_word' id='word_1_275' title='bbox 2218 4156 2427 4225; x_wconf 81' lang='lat' dir='ltr'>equos</span> <span class='ocrx_word' id='word_1_276' title='bbox 2454 4139 2537 4205; x_wconf 85' lang='lat' dir='ltr'>ab</span> <span class='ocrx_word' id='word_1_277' title='bbox 2554 4139 2705 4205; x_wconf 58' lang='lat' dir='ltr'>hoa²⁸</span> 
     </span>
    </p>
   </div>
  </div>
 </body>
</html>
