2975 4800
420 250 554 328 m

419 412 712 478 Additur
731 412 1036 496 imperiis
1053 411 1394 496 Hispania
1414 433 1432 476 ε
1494 409 1886 495 Pyrenaeum

417 515 759 582 'lh-ansilit.
823 515 1160 599 Opposuit
1185 521 1424 580 natura
1449 513 1823 598 Alpemque
1848 513 2237 595 nivemque:

421 613 702 684 Diducit
729 618 1066 701 scopulos»,
1095 623 1160 682 et
1185 624 1478 682 montem
1506 617 1753 698 rumpit
1782 621 1995 679 aceto.

417 718 468 784 J
470 739 576 783 am
604 725 776 784 tenet
806 719 1105 784 Italiam:
1151 725 1370 784 tamen
1393 719 1565 782 ultra
1590 735 1859 800 pergere
1888 715 2095 780 tendit
2112 737 2133 780 ε

417 818 689 898 Actum,
721 823 955 905 inquit,
985 820 1146 886 nihil
1175 826 1302 898 est,
1330 821 1465 884 nisi
1486 818 1709 882 Poeno
1740 818 1951 882 milite
1972 823 2204 901 portas

1124 269 1196 316 D.
1243 263 1452 318 sumi
1500 264 1927 315 JuvltNAms

2498 815 2622 882 155·

407 997 637 1062 ‚inungitur
663 999 892 1062 potestati
913 998 1169 1064 Hispania.
1241 1001 1524 1063 Pyt-emenus
1545 1001 1755 1062 θηραταί.
1828 998 2017 1047 Natum
2039 997 2204 1058 objecit
2225 997 2376 1061 Alpes
2395 1013 2453 1046 ac
2474 997 2618 1046 niues:

421 1063 617 1112 discidit
633 1079 770 1124 saxa,
797 1068 934 1126 utque
950 1079 1090 1127 rupes
1119 1069 1248 1113 aceto
1276 1063 1517 1127 diffregit.
1582 1063 1697 1112 dnm
1719 1061 1909 1110 Italiam
1928 1061 2167 1124 possiden
2203 1067 2418 1110 nttunm
2439 1061 2621 1110 uitet-iu

417 1129 642 1192 progredi
670 1133 881 1192 exoptat.
947 1129 1088 1178 Nihil
1101 1127 1291 1189 saetam
1311 1134 1401 1190 est,
1421 1129 1513 1189 ait,
1533 1127 1631 1176 nisi
1652 1126 2023 1187 Carthaginensi
2038 1126 2249 1176 exercitu
2273 1127 2455 1176 Romae
2472 1129 2626 1189 porta·

1344 1249 1549 1273 “000‘'
1556 1249 1637 1268 09⁴
1644 1249 1701 1268 θ’

419 1339 494 1384 tes
507 1338 590 1386 22.
655 1335 742 1386 De
761 1335 1102 1387 distinctione
1122 1337 1173 1386 h.
1209 1339 1242 1387 i.
1263 1345 1318 1388 et
1341 1335 1563 1386 lectione
1594 1336 1801 1398 demque
1820 1334 2089 1399 elephamoe
2115 1350 2163 1384 v.
2184 1335 2409 1384 Excurs.
2444 1333 2515 1384 ad
2530 1335 2580 1384 h.
2594 1334 2628 1384 1.

423 1404 515 1450 151
553 1401 794 1463 Hesperia
811 1406 892 1450 21.
951 1403 1318 1467 Pyrenaeumque
1341 1407 1419 1452 15.
1446 1405 1526 1452 16.
1551 1405 1798 1451 45.—-152
1830 1400 2047 1464 apposuit
2071 1403 2313 1450 16.—-153
2350 1399 2563 1448 Didae&
2582 1405 2627 1447 1.

422 1467 504 1514 14.
529 1469 606 1515 15.
631 1470 792 1515 17-24.
810 1471 894 1516 70.
918 1471 999 1516 75.
1022 1473 1105 1518 76.
1129 1475 1184 1517 et
1206 1469 1310 1517 duo
1330 1468 1462 1516 MsS.
1487 1466 1581 1514 viri
1602 1465 1745 1514 docti
1765 1466 1821 1514 in
1844 1465 2073 1514 Miscell.
2099 1465 2255 1514 Obss.
2278 1464 2411 1514 Crit.
2434 1465 2555 1513 Vol.
2578 1478 2627 1512 v.

419 1526 480 1576 Τ.
501 1541 564 1580 ιι.
587 1544 640 1592 p.
659 1534 774 1580 298.
843 1531 904 1580 In
929 1531 1110 1580 iisdem
1137 1533 1330 1594 legitur
1350 1531 1503 1594 rupit,
1524 1536 1585 1579 ut
1606 1529 1657 1578 in
1683 1533 1847 1580 18-21.
1870 1533 1953 1578 25.
1974 1534 2057 1578 2⁷.
2079 1533 2249 1580 ⁴540.
2270 1532 2438 1578 5469.
2460 1532 2631 1578 ‘ll-u.

423 1592 635 1642 Diduxe‘t
659 1599 738 1644 10.
765 1598 842 1644 10.
865 1599 1030 1644 24·27.
1052 1600 1221 1645 45-50.
1245 1599 1415 1645 64·69.
1439 1598 1608 1644 71-74.
1643 1598 1725 1642 77.
1793 1595 2007 1642 Deducit
2037 1593 2263 1658 quidam,
2292 1593 2497 1642 solenni
2518 1607 2633 1656 per-

421 1657 728 1707 mutatione.
765 1673 816 1706 v.
841 1657 930 1706 inf.
963 1659 1026 1706 ad
1051 1671 1176 1708 xm.
1203 1663 1314 1709 132.
1339 1663 1394 1707 et
1418 1659 1571 1707 Misc.
1596 1658 1751 1707 Obss.
1776 1657 1810 1705 1.
1832 1659 2029 1707 1.--154
2068 1673 2175 1706 cum
2196 1670 2290 1721 pro
2314 1663 2473 1706 tannen
2492 1661 2633 1705 16.—

425 1724 518 1768 155
556 1721 688 1782 Acti,
705 1721 882 1784 inquit,
910 1721 1033 1770 nihil
1053 1728 1123 1770 est
1149 1728 1228 1772 12.
1251 1727 1335 1773 20.
1355 1727 1438 1772 24.
1471 1721 1662 1786 aliique
1696 1722 1850 1770 codd.
1878 1737 1999 1772 mss.
2026 1729 2162 1771 teste
2184 1737 2244 1770 ac
2270 1721 2420 1784 prob.
2449 1721 2632 1770 Heius.

424 1783 490 1832 ad
515 1785 671 1836 ovid.
694 1787 794 1848 Ep.
817 1787 946 1836 Her.
973 1797 1095 1837 vm.
1118 1791 1228 1838 10-1.
1294 1787 1396 1836 Sed
1418 1791 1576 1835 netum
1596 1787 1645 1834 h.
1670 1787 1706 1834 l.
1730 1786 2145 1850 conjungendum
2167 1800 2284 1834 cum
2306 1791 2394 1834 est.
2458 1783 2547 1834 Cf.
2568 1783 2632 1833 sd

1421 1930 1468 1982 N
1480 1929 1637 1980 01·AE

421 2039 692 2106 AEtliiopes
721 2043 1168 2108 et·'1'roglodytoe;
1201 2045 1292 2094 sed
1328 2043 1486 2094 maxi-

423 2129 532 2167 mos
556 2118 744 2168 India!
811 2119 956 2169 idem
987 2121 1188 2171 Plinius
1221 2121 1273 2170 in
1309 2123 1486 2185 capite

423 2195 745 2257 praecedenti
775 2195 1008 2259 ejusdem
1049 2195 1194 2246 Libri
1225 2197 1388 2245 multa
1407 2211 1486 2245 re-

422 2267 532 2320 fert
549 2271 614 2321 de
641 2273 985 2336 Elepllsntum
1018 2273 1290 2322 industria.
1349 2269 1486 2321 Vide

424 2345 620 2396 Annot.
647 2348 714 2399 ad
737 2348 895 2399 Satir.
923 2361 1026 2399 xn-
1052 2353 1162 2401 109.
1186 2356 1240 2399 et
1263 2363 1374 2415 seq.

488 2406 580 2474 181
615 2426 828 2477 Additur
859 2428 1068 2492 imperiis
1089 2428 1348 2492 Hispania,
1383 2426 1488 2491 μη]

421 2500 609 2569 Itaque
631 2518 732 2553 non
757 2502 937 2554 Africa
958 2511 1233 2571 contentus
1255 2502 1482 2553 Annibal

421 2577 472 2627 in
495 2580 754 2645 Europam
777 2581 994 2632 transit:
1031 2597 1092 2631 ac
1110 2582 1280 2647 primo
1301 2580 1486 2645 Hispa-

423 2656 556 2705 niam
581 2658 734 2707 armis
768 2658 978 2707 domat:
1021 2656 1140 2706 hinc
1181 2658 1234 2707 in
1269 2657 1486 2719 Gallias,

420 2737 542 2793 post
563 2731 615 2779 in
637 2732 840 2780 Italiam
865 2732 1034 2782 victor
1055 2733 1248 2796 pergit.

490 2804 799 2872 Pyr-enatem]
841 2807 1082 2869 Pyrenaei
1103 2814 1304 2857 montes
1325 2806 1485 2855 maxi-

422 2880 493 2929 mi
519 2878 826 2943 Hispaniam
849 2896 880 2930 a
913 2881 1083 2931 Gallia
1106 2888 1368 2945 separant,
1392 2896 1486 2945 per

341 2954 354 2969 ⁰
421 2955 686 3019 octoginta
704 2957 926 3022 quinque
939 2958 1150 3007 circiter
1171 2959 1346 3007 leucas
1371 2956 1486 3007 His·

423 3032 633 3094 punicas
653 3033 720 3081 ab
743 3032 958 3084 Oceano
981 3033 1044 3083 ad
1066 3048 1208 3083 mare
1231 3033 1484 3083 Mediter-

424 3120 634 3157 raneum
657 3114 1012 3159 excurrentes.
1081 3110 1285 3159 Nomen
1318 3109 1384 3158 ab
1416 3110 1486 3157 in·

422 3183 607 3233 cendio
630 3185 786 3235 totius
800 3192 1062 3253 montanas
1087 3185 1334 3248 regionis,
1363 3184 1484 3249 igne

425 3258 628 3325 pridem
662 3276 694 3310 a
729 3260 1018 3325 pastoribus
1050 3258 1248 3324 injecto
1286 3260 1339 3308 iu
1381 3258 1485 3308 fre-

423 3342 642 3404 quentes
665 3336 949 3403 ibisylvas,
969 3354 1068 3402 quo
1087 3338 1283 3389 factum
1305 3346 1406 3401 est,
1427 3345 1486 3387 ut

424 3414 624 3479 argenti
685 3415 800 3481 puri
839 3428 870 3463 e
909 3414 1163 3464 montibus
1204 3416 1354 3464 rivuli
1399 3414 1485 3463 de·

421 3488 688 3555 fluxerint,
710 3494 809 3542 διο.
835 3506 949 3557 quae
967 3490 1124 3541 habet
1143 3491 1304 3545 Diod.
1323 3492 1486 3543 Sicul.

423 3580 502 3619 vr.
521 3572 568 3619 9.

491 3650 586 3695 152
617 3642 809 3710 Alpem]
853 3642 1094 3693 Excelsos
1109 3642 1388 3692 admodum
1411 3644 1484 3693 ni·

425 3732 674 3785 vososque
695 3727 915 3783 montes,
931 3718 1115 3785 quibus
1132 3718 1284 3768 Italia
1305 3719 1489 3769 dividi·

427 3800 515 3847 tur
552 3810 585 3843 a
626 3796 828 3847 Galliis,
893 3800 909 3826 ‘
949 3794 1063 3846 Hos
1109 3796 1487 3847 transcendisse

425 3883 632 3936 quoque
645 3872 826 3923 mirum
842 3873 943 3923 fuit
961 3890 976 3935 ;
997 3880 1156 3939 atque
1173 3872 1224 3919 in
1241 3878 1486 3935 portento

427 3961 594 4013 prope
615 3947 835 4010 majores
855 3948 1085 4001 habuere
1106 3948 1270 4013 Alpes
1290 3948 1356 3998 ab
1379 3947 1486 3998 An-

425 4022 599 4074 nibale
629 4032 954 4088 exuperans,
997 4033 1053 4075 et
1091 4032 1272 4090 postea
1302 4040 1334 4075 a
1356 4025 1490 4075 Cim·

429 4100 536 4152 bris
547 4098 582 4150 ι’
600 4096 766 4165 iuquit
777 4098 916 4151 Plin.
931 4098 985 4151 in
1001 4100 1229 4152 Prooem.
1243 4101 1278 4153 1.
1293 4116 1488 4157 xxxvt.

1633 2049 1727 2095 1⁵³
1770 2047 1841 2096 Et
1859 2052 2062 2096 mntem
2082 2045 2262 2110 rumpit
2280 2045 2435 2108 aceto]
2480 2043 2641 2093 Anni-

1566 2121 1670 2183 bal,
1708 2129 1769 2172 ut
1814 2121 1911 2172 sibi
1958 2135 2154 2187 suoque
2197 2121 2455 2200 exercitui
2496 2121 2635 2170 viam

1568 2197 1799 2260 aperiret
1832 2211 1929 2261 per
1962 2195 2176 2259 Alpium
2200 2197 2333 2260 juga
2362 2195 2522 2254 invia,
2558 2209 2639 2244 ar·

1567 2270 1775 2320 boribus
1797 2271 1938 2322 circa
1974 2271 2281 2322 immanibus
2304 2271 2529 2334 dejectis
2552 2269 2638 2319 de-

1568 2349 1941 2413 truncatisque,
1964 2355 2159 2399 struem
2185 2347 2450 2411 ingentem
2470 2345 2638 2411 ligno-

1565 2440 1677 2475 rum
1720 2426 2034 2475 accumulari
2066 2425 2261 2489 jussit:
2317 2423 2450 2473 hanc
2494 2421 2638 2487 adJu-

1565 2512 1721 2551 vante
1764 2508 1921 2551 veuto
1975 2500 2261 2561 succendit,
2300 2506 2461 2564 atque
2507 2514 2637 2549 saxa

1564 2580 1801 2630 ardentia
1821 2577 1989 2628 infuso
2010 2584 2163 2627 aceto
2187 2574 2491 2640 putrefecit.
2546 2574 2635 2625 Sic

1567 2654 1767 2704 torrida
1816 2653 2056 2702 incendio
2098 2666 2255 2714 rupes
2306 2648 2447 2700 ferro
2490 2658 2639 2714 pate·

1564 2730 1723 2789 facta,
1758 2740 1813 2781 et
1834 2730 2047 2780 emolliti
2076 2729 2395 2779 anfractibus
2418 2730 2637 2781 modicis

1564 2808 1704 2869 clivi,
1725 2816 1787 2857 ut
1807 2822 1911 2857 non
1936 2809 2179 2872 jumenta
2212 2810 2376 2858 solum
2410 2808 2503 2857 sed
2534 2808 2640 2857 ele-

1565 2884 1744 2947 phanti
1787 2884 1944 2934 etiam
1974 2884 2163 2934 deduci
2198 2890 2429 2948 possent.
2491 2886 2634 2937 Qua-

1566 2960 1791 3009 triduum
1846 2960 1986 3010 circa
2044 2974 2225 3023 rupem
2291 2966 2637 3011 consumtum.

1568 3035 1698 3085 Haec
1720 3044 1778 3086 et
1798 3037 1898 3086 alia
1919 3036 2035 3086 fuse
2054 3036 2156 3087 Tit.
2190 3036 2303 3085 Liv.
2326 3048 2447 3085 xxi.
2470 3038 2554 3087 37.
2580 3043 2639 3086 et

1565 3112 1791 3176 praeced.

1632 3194 1725 3239 154
1772 3189 1891 3237 Jam
1926 3192 2055 3237 tenet
2092 3187 2311 3251 Italiam]
2365 3189 2635 3252 Superatis

1566 3262 1790 3326 Alpibus
1817 3264 1867 3312 in
1892 3263 2100 3313 Italiam
2138 3264 2428 3327 descendit,
2452 3267 2641 3317 Roma·

1565 3352 1759 3403 nosque
1795 3339 1960 3402 primo
1996 3338 2122 3388 vicit
2156 3339 2223 3388 ad
2255 3338 2494 3389 Ticinum
2529 3357 2637 3390 am·

1566 3428 1703 3475 nem,
1730 3415 1920 3463 iterum
1943 3414 2009 3464 ad
2030 3414 2268 3465 Trebiam
2297 3412 2525 3479 fluvium,
2548 3416 2640 3467 de·

1564 3492 1685 3540 inde
1708 3490 1965 3542 Cannensi
1988 3491 2077 3541 illa
2100 3493 2253 3543 clade
2275 3491 2480 3543 affecit:
2514 3506 2637 3558 post

1566 3568 1781 3617 Romam
1816 3567 1968 3631 petit,
1986 3574 2261 3633 castraque
2294 3575 2521 3620 metatus
2554 3580 2638 3623 est

1566 3659 1724 3708 super
1752 3642 2007 3693 Anienem
2046 3642 2279 3709 fluvium,
2320 3646 2384 3695 ad
2422 3646 2637 3699 tertium

1566 3721 1633 3771 ab
1658 3722 1783 3769 urbe
1805 3720 2049 3784 lapidem.
2086 3720 2356 3771 Plutarch.
2378 3727 2479 3772 ὅτε.

1636 3801 1726 3845 155
1761 3795 1933 3859 Poeno]
1969 3796 2109 3845 Pam·
2128 3801 2248 3846 sunt
2264 3798 2641 3860 Carthaginen-

1568 3888 1671 3933 ses,
1714 3872 1859 3937 quasi
1895 3872 2086 3933 Phoeni,
2129 3874 2297 3938 inquit
2340 3874 2573 3939 Servius,
2606 3891 2640 3928 a

1568 3948 1921 4011 Pboenicibus,
1948 3950 2037 4016 qui
2061 3948 2430 4013 Carthaginem
2460 3952 2639 4003 condi·

1568 4026 1777 4089 derunt,
1798 4025 2045 4089 originem
2070 4026 2340 4076 ducentes.
2414 4026 2556 4077 Hinc
2578 4033 2637 4081 et

1569 4102 1757 4157 Punici
1780 4104 1924 4171 quasi
1948 4102 2183 4155 Pboenici
2203 4103 2378 4155 vocati
2399 4110 2539 4159 sunt.
