2975 4800
446 334 583 402 ¹760
1329 329 1793 392 -axounsus‘

453 493 846 560 servas-emt.
933 485 1074 552 Sed
1089 482 1296 551 sunio
1321 481 1716 567 δεσσῦλλαβος
1744 505 1885 552 vox
1910 489 2033 564 est,
2060 490 2133 552 et
2149 485 2547 571 ejusmodi
2592 479 2823 548 eud·

452 596 609 676 ζῃσες
632 591 890 677 passim
915 590 1140 656 obvia.
1220 588 1336 656 Sic
1363 609 1474 673 ap.
1504 589 1741 654 Silium
1770 588 1879 674 (ut
1904 607 1993 652 ex
2022 589 2153 654 hoe
2178 591 2330 654 solo
2362 585 2811 671 exempla

449 691 707 782 petum)
737 689 920 755 Pelio
949 688 1191 758 dicitur
1219 707 1336 758 ιιι.
1365 691 1520 756 495.
1548 689 1759 754 tenuia
1784 696 1853 755 et
1880 689 2077 754 tenuis
2108 707 2213 758 lv.
2245 693 2405 758 147.
2442 705 2601 754 vt.
2646 687 2809 754 19.

447 793 740 866 semiusta
785 809 898 858 111.
935 793 1042 860 16.
1103 791 1569 856 semiambusta:
1615 809 1698 864 ιι.
1744 787 1905 862 681.’
1962 791 2341 857 semianimis
2374 811 2509 860 lx-
2556 791 2795 863 laev

447 895 782 962 semiermis
812 913 956 963 xu.
985 895 1142 963 467.
1181 915 1389 981 genua
1423 912 1475 959 1.
1506 895 1661 962 529.
1718 893 1987 978 proinde
2016 912 2100 959 11.
2128 896 2284 962 353.
2352 894 2571 960 alveo
2610 908 2785 965 111⁷.

449 1001 606 1067 450.
639 1016 745 1065 lv.
773 1001 928 1068 602.
995 995 1242 1063 sinuosa
1271 1005 1342 1065 et
1373 997 1627 1072 sinuata
1676 1015 1757 1063 11.
1808 997 1963 1064 172.
2010 1015 2114 1063 vl.
2142 999 2298 1066 226.
2348 1015 2489 1064 vn.
2526 997 2769 1068 503.

451 1117 534 1170 x.
563 1103 714 1171 181.
761 1119 896 1166 xv.
926 1102 1076 1168 173.
1105 1101 1260 1166 621.

535 1202 722 1270 Juno
749 1204 980 1289 legitur
1004 1205 1074 1268 in
1099 1205 1210 1270 25.
1237 1205 1346 1269 49.
1375 1205 1603 1270 55-57.
1630 1205 1743 1270 59.
1789 1201 1972 1268 Ionio
2000 1204 2072 1268 in
2100 1204 2209 1269 15.
2252 1201 2429 1266 vivaio
2458 1206 2535 1268 in
2576 1202 2747 1269 16.

429 1308 636 1394 jur-no
663 1309 732 1373 in
759 1308 867 1373 Q.
923 1303 1132 1369 June-o
1159 1308 1230 1372 in
1259 1307 1364 1370 10.
1393 1306 1507 1371 21.
1536 1307 1645 1372 27.
1666 1305 1895 1372 46-48.
1918 1306 2029 1370 54.
2059 1305 2166 1372 58.
2192 1307 2307 1372 60.
2371 1303 2441 1366 V
2432 1305 2583 1370 inco
2622 1305 2733 1374 in

447 1411 558 1478 24.
587 1411 696 1476 45.
725 1411 832 1474 50.
862 1409 1086 1475 61-69.
1115 1409 1344 1476 71-74.
1370 1409 1484 1474 81.
1542 1408 1818 1493 Lipsius
1844 1409 1915 1472 iu
1946 1407 2235 1492 Epistol.
2264 1406 2538 1486 Quaest.
2570 1423 2725 1472 lv,

447 1512 558 1578 20.
587 1514 860 1591 monuit,
903 1531 1118 1596 neque
1157 1507 1441 1588 Vincam,
1496 1530 1709 1594 neque
1758 1507 1809 1576 J
1812 1531 2031 1576 uncum
2080 1509 2445 1591 Consulem
2483 1511 2713 1577 inve-.-

449 1614 576 1680 uiri
615 1616 683 1680 in
719 1613 970 1692 Fastis,
999 1618 1069 1677 et
1109 1613 1543 1696 posteriorem
1568 1613 1801 1677 horum
1826 1617 2079 1696 partem
2108 1613 2495 1678 intricatum
2518 1631 2701 1677 esse

329 1741 338 1748 ·
447 1723 724 1801 propter,
738 1713 1060 1778 Consules
1089 1715 1318 1778 erebro
1344 1713 1680 1779 suffectos.
1769 1709 1825 1777 J
1824 1734 2013 1778 uncus
2050 1721 2273 1780 tamen
2316 1720 2435 1778 aut
2467 1712 2529 1776 J
2524 1735 2689 1777 unc-

447 1829 546 1882 tus
592 1814 963 1883 Commodo
1001 1819 1313 1898 regnante
1360 1813 1615 1880 Consul
1662 1815 1813 1880 fuit.
1901 1813 2239 1898 Ulpianus
2281 1816 2328 1881 l.
2372 1831 2675 1880 xxvul-

449 1919 709 2000 Digest.
756 1917 842 1982 de
887 1917 1424 1982 fideicommissis
1475 1917 1920 1984 libertatibus:
1984 1922 2005 1951 ‘
2040 1917 2321 1982 Factum
2370 1916 2523 1994 est,’
2570 1919 2665 1980 in·

447 2022 612 2104 quit,
645 2024 666 2056 ‘
683 2019 1327 2084 senatusconsultum
1357 2019 1633 2090 AEmilio
1660 2019 1707 2084 J
1710 2039 1886 2085 unoo
1914 2025 1983 2085 et
2006 2019 2195 2085 sulio
2226 2019 2483 2084 Severo
2514 2037 2662 2084 eon·

448 2122 744 2189 salibus?
830 2121 1259 2205 Lampridius
1287 2123 1355 2187 in
1377 2121 1748 2187 Commodo
1799 2141 1861 2192 e.
1906 2123 1977 2186 4.
2034 2126 2055 2155 ‘
2084 2119 2165 2186 Iu
2215 2122 2497 2186 exilium
2537 2121 2663 2186 acti

447 2229 602 2290 sunt
643 2223 962 2288 AEmilius
1010 2223 1057 2288 J
1059 2227 1294 2288 unctus
1321 2229 1386 2289 et
1433 2222 1715 2288 Attilius
1746 2225 2031 2290 Severus
2061 2223 2282 2289 Coss!
2375 2223 2515 2288 Sed
2542 2241 2661 2286 neo

446 2325 700 2394 definiri
741 2329 984 2411 potest,
1013 2344 1166 2410 quse
1196 2345 1360 2390 vera
1403 2328 1635 2392 horum
1681 2329 2030 2392 consulum
2075 2327 2351 2392 nomina
2396 2326 2662 2405 fuerint,

443 2446 572 2493 nec
597 2427 948 2511 probabile
973 2432 1102 2506 est,
1137 2427 1184 2492 J
1189 2429 1533 2493 uvenalem
1574 2429 1662 2493 ad
1708 2428 2060 2495 Commodi
2090 2435 2359 2495 aetatem
2384 2429 2661 2494 vixisse.

448 2528 877 2595 Britannicus
903 2528 1170 2612 quidem
1199 2531 1695 2613 suspicabatur,
1724 2531 1792 2597 τὸ
1838 2552 2033 2615 nuper
2072 2531 2137 2595 h.
2164 2532 2209 2597 1.
2216 2581 2237 2613 ,
2264 2538 2341 2596 ut
2378 2531 2662 2615 passim,

449 2630 538 2698 de
559 2630 760 2714 longo
787 2636 1090 2716 tempore
1115 2632 1277 2709 dici,
1305 2637 1375 2696 et
1409 2627 1669 2695 Vincunt
1705 2632 1875 2697 forte
1908 2632 2267 2697 Consulem
2300 2634 2509 2697 fuisse
2538 2634 2663 2703 sub

447 2734 725 2815 imperio
776 2731 1062 2797 Neronis
1111 2738 1583 2816 auctoremque
1638 2732 2117 2819 conjurationis
2180 2731 2243 2796 V
2238 2734 2527 2812 inciauae,
2580 2736 2664 2803 de

445 2852 578 2916 qua
601 2852 670 2897 v.
701 2832 885 2897 Suet.
924 2831 1088 2896 Ner.
1126 2852 1184 2907 c,
1213 2833 1326 2897 36.
1416 2832 1765 2899 Enimvero
1808 2835 1907 2898 ibi
1950 2834 2023 2898 in
2059 2834 2391 2920 plerisque
2442 2836 2663 2920 iisque

445 2932 720 3015 optimis
765 2932 953 2995 libris
980 2926 1218 3013 legitur
1256 2928 1614 3013 Viniciana,
1642 2940 1709 2999 et
1746 2932 1809 2996 V
1803 2934 2139 3000 iniciat-um
2168 2955 2327 3019 gens
2368 2936 2663 3003 clarissi-

443 3050 558 3097 ma
583 3030 745 3095 fuit:
791 3050 858 3095 v.
896 3030 1122 3115 Intpp.
1173 3032 1341 3106 Tae.
1389 3030 1569 3103 Anu.
1618 3052 1719 3099 vl.
1766 3036 1873 3101 15.
1921 3039 2029 3102 45.
2072 3054 2234 3103 xlv,
2281 3039 2393 3103 40.
2470 3038 2659 3105 Suet.

445 3128 619 3215 Aug.
649 3151 709 3197 c.
736 3133 842 3198 64.
882 3132 1448 3217 7l.-Grangaeus
1503 3138 1679 3223 conj.
1736 3134 1919 3217 Vero,
1976 3144 2053 3203 ut
2104 3139 2485 3221 designetur
2524 3140 2665 3206 Ve-

442 3254 578 3313 ruS,
622 3236 736 3321 qui
777 3255 928 3301 eum
976 3236 1217 3303 Fulvio
1265 3237 1519 3304 Consul
1570 3240 1769 3307 fuerit
1824 3244 2181 3327 imperante
2240 3246 2656 3311 Domitiano.

445 3334 691 3403 Notior
717 3342 820 3401 est
847 3336 927 3401 Ι...
954 3335 1273 3405 Ceionius
1303 3339 1707 3407 Commodus
1757 3343 2007 3423 Verus,
2045 3346 2133 3410 ab
2178 3345 2559 3424 Hadriano,
2588 3350 2661 3421 et

441 3440 610 3525 inpr.
645 3438 792 3523 ejus
835 3439 1034 3517 filine,
1083 3442 1169 3505 ab
1216 3439 1561 3510 Antonino
1607 3445 1737 3511 Pio
1790 3446 2167 3535 ndoptatus.
2256 3448 2397 3513 Hic
2446 3466 2511 3511 a.
2560 3446 2656 3514 U.

446 3558 818 3607 nccccvu.
869 3540 1145 3623 Consul,
1197 3547 1264 3609 et
1307 3530 1557 3621 deinde'
1601 3566 1757 3613 cum
1814 3546 1917 3620 Μ.
1956 3544 2235 3618 Aurelio
2274 3546 2655 3639 Imperator

441 3642 591 3715 fuit.
