2975 4800
1195 361 1302 410 An
1345 359 1509 420 υτ.
1554 360 1691 415 xv,
2416 350 2549 429 251

1060 731 1823 810 EXCURSUS

1152 957 1258 1010 An
1291 957 1440 1012 ΕΔΤ.
1473 959 1599 1010 XV.
1630 963 1715 1010 ⁴76.

409 1164 843 1256 Tergasuga‚
873 1175 1000 1236 cet.
1029 1168 1272 1252 legitur
1299 1169 1366 1234 in
1391 1171 1460 1235 9.
1492 1170 1601 1235 11.
1628 1171 1740 1235 15.
1766 1171 1879 1236 17.
1908 1161 2139 1238 19-22.
2184 1167 2398 1238 sceleri
2422 1193 2549 1260 pro

269 1266 514 1334 celeri
543 1272 616 1334 in
643 1272 754 1335 21.
777 1271 894 1336 22.
949 1269 1148 1334 instar
1173 1293 1296 1356 pro
1321 1272 1555 1336 instant
1585 1273 1657 1336 in
1684 1271 1795 1341 22.
1857 1281 1919 1336 et
1944 1271 2153 1338 sceleri
2184 1274 2547 1358 proestanti-

285 1369 442 1436 bus
469 1371 762 1435 omuibus
791 1371 1031 1436 instans
1051 1375 1122 1438 in
1147 1375 1212 1440 9.
1239 1375 1308 1438 in
1337 1389 1474 1458 quo
1514 1379 1739 1438 tamen
1780 1375 1989 1438 verba
2024 1375 2173 1440 11ωο
2214 1396 2257 1440 a
2300 1381 2548 1444 recent.

285 1493 538 1538 mann
565 1475 820 1556 scripta
847 1481 1020 1551 sunt,
1049 1480 1136 1552 et,
1173 1496 1324 1558 qnae
1365 1476 1629 1540 fuerant
1666 1477 1907 1540 veteris
1956 1477 2327 1558 scripturae,
2372 1477 2549 1561 stylo

297 1582 710 1658 expuncta:
738 1575 914 1638 unde
943 1577 1338 1660 conjiciebat
1367 1575 1701 1653 Pithoeus,
1728 1577 1962 1660 populi
1998 1595 2235 1640 nomen
2260 1578 2549 1660 positum

299 1675 392 1739 h.
415 1675 466 1738 l.
501 1695 546 1738 a
569 1675 798 1758 poeta,
828 1680 896 1738 et
933 1694 978 1738 a
1023 1675 1312 1740 librariis
1355 1681 1737 1760 corruptum
1770 1696 1939 1741 esse.
2028 1677 2221 1742 Idem
2246 1681 2551 1762 suspicav

305 1775 530 1839 batur
555 1775 928 1840 Salmasius
951 1777 1018 1840 in
1048 1775 1368 1848 Exercitt.
1415 1777 1593 1844 Plin.
1623 1799 1690 1862 p.
1722 1781 1879 1843 452.
1912 1797 1971 1845 n.
1997 1779 2115 1846 ubi
2146 1779 2228 1844 de
2270 1779 2335 1844 h.
2364 1779 2409 1844 1.
2456 1781 2552 1846 ita

323 1877 662 1962 disputat:
709 1881 730 1912 ‘
767 1875 968 1964 Terga
972 1875 1152 1964 suga
1185 1877 1366 1941 celeri
1401 1889 1705 1962 praestant
1734 1880 2109 1944 instantibus
2143 1879 2381 1960 Ombis,
2418 1879 2553 1958 Qui

325 1978 547 2045 vicina
587 1977 800 2044 colunt
849 1979 1148 2044 umbrosae
1205 1959 1478 2068 T'ertyra
1518 1977 1745 2065 palma
1790 1983 2133 2066 legendum
2178 1983 2349 2048 vidit
2394 1983 2441 2048 J
2446 2005 2547 2052 os,

333 2081 684 2146 Mercerus
711 2101 800 2146 ex
821 2083 1028 2148 veteri
1059 2083 1411 2168 scriptura,
1461 2104 1615 2170 quae
1656 2085 1920 2150 habuit:
1958 2093 2263 2169 praestant
2310 2085 2551 2150 instan-

335 2181 508 2246 tibus
537 2204 762 2250 omnes.
833 2183 1004 2250 Loci
1029 2204 1186 2250 vero
1213 2207 1448 2252 nomen
1473 2188 1585 2254 hic
1608 2189 1949 2272 proprium
1976 2187 2407 2266 desideratur,
2438 2190 2551 2254 cul

337 2287 566 2350 vicina
589 2285 924 2370 Tentyra:
971 2305 1124 2350 num
1161 2287 1515 2358 ridiculum
1552 2295 1675 2364 est,
1720 2287 2067 2350 umbrosam
2108 2285 2385 2370 palmam
2429 2307 2549 2372 pro

337 2387 652 2471 palmetis
679 2385 1060 2469 intelligere.
1127 2387 1462 2473 Scriptum
1508 2387 1715 2453 fuisse
1766 2389 2076 2472 suspicor
2108 2383 2387 2452 Pammae
2425 2408 2549 2471 pro

341 2484 632 2573 Pampae‚
659 2487 832 2552 unde
873 2484 1118 2551 Palmae
1152 2488 1464 2560 fecerunt,
1558 2485 1823 2573 Pampae
1863 2491 2059 2553 vicus
2087 2491 2347 2553 vicinus
2376 2488 2553 2552 Ten·-

337 2591 526 2673 tyris.
573 2590 880 2671 Παμπανὶς
907 2596 1182 2657 vocatur
1246 2590 1643 2654 Ptolemaeo.
1696 2589 2075 2671 Legendum
2105 2608 2259 2669 ergo
2294 2584 2553 2671 Pampae

335 2702 462 2775 p'ro
483 2689 710 2775 palmae
726 2720 748 2756 .-
775 2696 844 2755 et
859 2692 1150 2775 Tentyra
1173 2690 1292 2762 illa
1319 2695 1472 2755 sunt
1482 2687 1530 2752 J
1532 2688 1819 2763 avendi,
1852 2707 2007 2771 quoe
2039 2682 2300 2770 Pampae
2324 2686 2553 2767 vicina,

335 2792 530 2875 longe
556 2794 787 2876 ntique
829 2794 916 2857 ab
963 2790 1198 2855 Ombis
1243 2792 1399 2865 sita,
1445 2808 1599 2873 qnae
1640 2794 1863 2855 tamen
1891 2788 2273 2871 propinqua
2300 2790 2555 2863 statuit.

341 2892 529 2973 Quid
559 2894 620 2959 si
649 2892 854 2977 poeta
881 2892 1484 2977 Oxyrynchitarum
1535 2896 1604 2955 et
1643 2888 2185 2975 Cynopolitarum
2210 2887 2558 2961 historiam

343 2996 470 3061 sub
493 2996 876 3060 nominibus
907 2994 1322 3059 Ombitamm
1367 2998 1436 3060 et
1481 2992 1965 3077 Tentyritarum
1994 2988 2333 3057 traduxit?
2380 2992 2557 3063 Sane

341 3104 411 3164 et
433 3104 700 3182 tempus
728 3096 1054 3174 convenit,
1098 3116 1218 3160 nec
1262 3110 1370 3159 res
1413 3093 1853 3171 disconvenit,
1884 3099 1960 3157 ut
1998 3094 2221 3157 videre
2249 3099 2349 3158 est
2376 3094 2559 3177 apud

343 3198 798 3275 Plutarchum,
824 3196 871 3261 J
873 3197 1140 3262 uvenali
1162 3202 1799 3277 contemporaneum.
1850 3192 2024 3261 'rum
2048 3194 2336 3277 denique
2369 3191 2559 3259 Omen·

345 3305 414 3364 et
449 3297 722 3383 Tentyra
749 3316 1020 3365 versum·
1041 3298 1278 3361 melius
1316 3302 1384 3360 et
1409 3294 1679 3358 mollius
1708 3296 1957 3372 ineunt,
1984 3313 2183 3377 quam
2220 3292 2559 3379 Cynopolis

345 3408 414 3467 et
465 3400 899 3486 anrynchns,
949 3420 1103 3485 quae
1153 3418 1420 3485 prorsus
1461 3397 1801 3461 heroicum
1844 3402 2123 3463 metrum
2164 3401 2407 3478 negant
2452 3398 2555 3460 in·

347 3503 564 3570 uase?
653 3502 764 3569 Ita
793 3503 1076 3567 Salmas.
1103 3503 1436 3585 ingeniose
1457 3502 1671 3581 magis
1699 3518 1900 3582 quam
1924 3518 2093 3568 vere.
2181 3496 2361 3562 Nam
2392 3496 2560 3560 Plu-

347 3606 612 3671 tarchus
639 3605 908 3689 quidem
937 3604 1174 3669 similis
1216 3604 1401 3681 belli,
1432 3604 1519 3669 ob
1546 3601 1823 3665 eandem
1866 3620 2138 3666 causam
2178 3601 2345 3663 inter
2373 3594 2563 3679 Oxy-

347 3708 684 3792 rynchitas
734 3713 802 3772 et
848 3706 1286 3791 Cynopolitas
1329 3705 1522 3788 gesti,
1560 3706 1957 3768 mentionem
2003 3702 2187 3776 facit,
2234 3716 2365 3761 non
2401 3714 2561 3763 vero

349 3809 558 3895 (quod
587 3814 800 3891 caput
821 3809 919 3873 rei
937 3817 1060 3884 est,
1083 3826 1300 3889 neque
1329 3806 1589 3871 silentio
1620 3800 2251 3888 praetermittendum
2278 3804 2422 3863 erat
2450 3798 2563 3865 vel

351 3910 912 3987 dissimilandum)
955 3909 1120 3973 dirae
1167 3909 1657 3973 inhumanitatis
1703 3907 1811 3971 vel
1856 3898 2351 3988 ἁνθρωποφαγῖας,
2404 3920 2559 3985 quae

345 3998 420 4077 hs
439 4013 488 4078 l.
517 4034 660 4079 vss.
687 4014 800 4077 77.
821 4030 963 4093 seq.
987 4018 1409 4075 memoratur.
1498 4008 1743 4090 Neque
1770 4006 1969 4068 etiam
1988 4004 2187 4067 lectio
2213 4002 2331 4067 illa
2360 3998 2565 4067 Pam·
2688 4066 2695 4071 ,
2753 4090 2769 4102 ς

333 4135 438 4200 pa
463 4115 668 4183 nobis
695 4112 962 4180 attidet.
1051 4110 1226 4191 Quis
1253 4113 1452 4192 enim,
1492 4116 1567 4176 nt
1608 4110 1809 4174 situm
1852 4104 2026 4170 urbis
2065 4105 2383 4190 designet,
2410 4122 2563 4171 eam
